3734 5567
1031 499 1175 564 498
1821 507 2234 565 commu
2286 510 2615 564 PAnAmsl

1029 660 1356 751 gnoscat,
1413 652 1585 747 quia
1638 652 1976 749 dirigitur
2026 655 2122 729 ab
2172 653 2518 729 infallibili
2568 653 2959 746 directore,
3019 652 3254 727 scilicet
3292 671 3331 725 a

1025 775 1179 849 Deo
1231 779 1306 849 et
1353 771 1893 868 intelligentiis3
1948 774 2143 848 unde
2192 794 2485 869 semper
2535 782 2893 870 operatur
2941 773 3245 848 ordinate
3267 766 3325 861 (¹)

1026 901 1102 970 et
1140 895 1966 991 perfecte.—0nd’e9li.
1995 895 2207 969 Nunc
2243 895 2570 989 CaroluS,
2613 902 2911 968 ostenso
2953 892 3140 988 quod
3169 892 3327 966 Deus

1026 1021 1102 1090 et
1152 1021 1419 1089 natura
1468 1014 1778 1109 disponit
1827 1015 2076 1090 omnia
2127 1016 2200 1089 in
2236 1016 2515 1090 bonum
2551 1014 2798 1110 finem,
2836 1013 3143 1089 ostendit
3173 1011 3330 1106 quod

1028 1142 1295 1211 natura
1357 1156 1524 1230 quae
1584 1136 2077 1232 principaliter
2137 1136 2330 1233 gerit
2393 1157 2653 1211 curam
2717 1136 2815 1211 de
2876 1135 3165 1210 homine
3217 1153 3331 1207 non

1026 1258 1267 1332 solum
1345 1257 1512 1331 fecit
1583 1257 1820 1352 ipsum
1883 1257 2154 1332 animal
2231 1257 2585 1333 rationale
2662 1257 2794 1333 sed
2861 1256 3082 1332 etiam
3143 1252 3328 1327 civile„

1023 1377 1231 1452 Unde
1264 1384 1435 1452 nota
1473 1376 1672 1472 quod
1705 1377 2279 1453 communicatio
2315 1377 2542 1452 civilis
2575 1377 2669 1452 ad
2702 1378 3109 1450 humanam
3146 1372 3329 1446 vitam

1026 1518 1173 1572 non
1225 1497 1463 1571 solum
1518 1501 1628 1571 est
1693 1496 1892 1571 utilis
1955 1497 2082 1571 sed
2147 1497 2605 1591 necessaria3
2674 1495 2842 1570 ideo
2911 1493 3042 1567 soli
3103 1488 3332 1565 homini

1025 1615 1223 1691 dedit
1272 1637 1693 1692 sermonem
1744 1637 1878 1712 per
1932 1637 2154 1711 quem
2209 1616 2330 1691 alii
2381 1615 2826 1720 significaret
2862 1613 3236 1709 expediens
3262 1608 3333 1683 ad

1025 1736 1449 1811 salvandam
1502 1743 1577 1811 et
1626 1736 2032 1819 ornandam
2098 1736 2346 1811 vitam.
2405 1737 2494 1809 Et
2514 1757 2541 1828 ,χ
2561 1736 2736 1829 quia
2771 1720 3051 1808 ⁸multis
3107 1729 3334 1825 indiget

1022 1857 1116 1931 ad
1168 1859 1324 1932 haec
1376 1877 1542 1951 quae
1597 1863 1856 1930 natura
1917 1877 2061 1930 non
2122 1855 2341 1952 dedit,
2406 1855 2572 1955 ideo
2634 1855 3011 1953 diligentia
3069 1847 3332 1925 bominis

1024 1976 1339 2053 inventae
1381 1984 1551 2050 sunt
1588 1976 2022 2072 multiplices
2054 1982 2274 2070 arteS,
2314 1977 2581 2071 quibus
2619 1959 2950 2051 bumana
2990 1967 3331 2067 indigentia

1025 2097 1491 2191 suppleretur
1516 2088 1618 2188 (²).
1672 2097 1858 2170 Nam
1909 2097 2132 2170 homo
2165 2101 2464 2191 propter
2499 2096 2951 2171 nobilitatem
2990 2111 3140 2167 suae
3168 2106 3332 2163 com·

1023 2216 1378 2311 plexionis
1429 2236 1577 2289 non
1628 2223 1864 2312 potest
1929 2217 2124 2293 vesci
2155 2207 2229 2310 (³)
2286 2217 2642 2292 fructibus
2706 2213 3159 2312 simpliciter;
3203 2208 3332 2281 ideo

1029 2335 1324 2430 reperiit
1376 2355 1595 2408 usum
1649 2335 1853 2430 panis
1909 2356 2081 2409 cum
2122 2342 2324 2410 tanto
2374 2336 2667 2410 labore:
2711 2342 2783 2410 et
2822 2335 2999 2429 quia
3050 2352 3185 2405 non
3229 2346 3333 2421 po-

1027 2460 1167 2529 test
1219 2475 1380 2530 esse
1429 2461 1815 2530 contentus
1864 2456 2019 2530 sola
2069 2476 2203 2530 sua
2268 2457 2479 2550 pelle,
2541 2455 2703 2530 ideo
2766 2454 3047 2530 invenit
3095 2454 3327 2525 vestem

1025 2595 1199 2650 cum
1251 2581 1453 2649 tanto
1503 2573 1810 2649 artificio
1860 2580 2118 2649 contra
2171 2579 2276 2648 tot
2328 2574 2792 2649 incommoda
2848 2568 3327 2648 naturae.1tem

1023 2697 1197 2791 quia
1249 2716 1395 2770 non
1448 2702 1692 2791 posset
1742 2695 1994 2769 vivere
2045 2694 2118 2767 in
2170 2694 2526 2789 cavernis,
2576 2693 3020 2790 excogitavit
3067 2690 3327 2766 domum

1021 2813 1063 2859 *
1092 2816 1630 2912 multipliciter:
1695 2815 1994 2890 bivarus
2058 2814 2253 2888 enim
2327 2814 2517 2888 bene
2576 2814 2883 2889 fabricat
2950 2804 3330 2886 mirabiliter

1018 2937 1323 3012 domum
1352 2935 1392 2979 *
1418 2924 1493 3028 (⁴)
1545 2936 1619 3009 in
1670 2955 1889 3029 aqua,
1942 2941 2015 3008 et
2068 2932 2381 3008 hirundo
2416 2932 2695 3026 nidum,
2730 2939 2803 3006 et
2841 2949 3113 3007 aranea
3146 2925 3329 2999 telam

1019 3078 1065 3131 a
1117 3064 1383 3130 natura
1436 3076 1582 3130 non
1631 3054 1726 3128 ab
1776 3060 1962 3148 arte,
2014 3053 2190 3147 quia
2240 3053 2556 3127 nesciret
2594 3052 2807 3126 aliter
2841 3047 3151 3148 operari.
3199 3043 3330 3117 Mu·

1019 3175 1156 3249 lier
1205 3179 1457 3248 autem
1494 3173 1765 3269 indiget
1806 3173 2220 3266 obstetrice,
2265 3180 2341 3247 et
2376 3179 2622 3247 tamen
2673 3193 2868 3268 saepe
2912 3167 3330 3268 periclitatur

1021 3294 1097 3367 in
1148 3299 1406 3388 partu:
1462 3292 1625 3367 ideo
1668 3294 1893 3367 homo
1943 3292 2248 3367 incivilis
2288 3312 2420 3387 per
2456 3298 2797 3367 naturam
2838 3314 2989 3368 non
3037 3309 3162 3386 per
3206 3283 3332 3355 ior-

1021 3420 1278 3488 tunam
1331 3419 1461 3487 aut
1512 3432 1784 3507 pravus
1835 3419 1967 3506 est,
2032 3420 2165 3486 aut
2229 3411 2490 3486 melior
2547 3433 2772 3505 quam
2841 3414 3085 3487 homo.
3151 3407 3329 3478 Nunc

1019 3534 1112 3608 ad
1163 3532 1451 3606 literam
1503 3531 1671 3606 dicit
1721 3539 1986 3607 autor:
2035 3533 2215 3606 Ond'
2242 3534 2380 3622 eqli
2410 3552 2710 3624 ancora,
2746 3532 3019 3608 scilicet
3056 3523 3329 3603 Carolus

1017 3652 1234 3727 dixit:
1290 3673 1378 3724 or
1428 3654 1562 3725 di':
1611 3659 1771 3746 post
1825 3651 1959 3725 ista
2012 3651 2201 3725 dicta
2254 3650 2616 3726 naturalia
2654 3651 3042 3726 veniamus
3072 3646 3159 3722 ad
3192 3659 3328 3715 mo-

1020 3774 1248 3868 ralia;
1297 3772 1584 3846 sarebbe
1631 3774 1689 3844 il
1721 3774 1981 3864 peyyio
2020 3792 2158 3863 per
2207 3774 2252 3844 Γ
2277 3792 2484 3845 nomo
2531 3774 2608 3844 in
2659 3779 2854 3844 terra
2886 3794 2964 3845 se
2996 3789 3133 3844 non
3168 3766 3329 3859 fosse

1016 3899 1216 3969 cive?
1249 3894 1453 3986 idest,
1491 3892 1550 3966 si
1586 3913 1732 3966 non
1768 3891 2052 3966 viveret
2091 3891 2396 3986 civili-ter
2431 3891 2618 3965 sicut
2646 3883 2721 3984 (⁵)
2762 3893 3033 3968 bruta?
3065 3889 3146 3962 Et
3176 3879 3327 3958 sub-

1015 4013 1120 4088 dit
1171 4013 1715 4109 responsionem
1770 4032 2008 4105 suam,
2044 4009 2338 4085 dicens:
2374 4014 2627 4104 rispos'
2651 4014 2759 4084 io:
2797 4004 2883 4103 si,
2923 4012 3122 4104 idest,
3152 4003 3325 4079 certe

1015 4134 1119 4209 sic
1169 4134 1363 4227 quod
1419 4139 1609 4208 esset
1659 4132 1903 4227 peius3
1956 4138 2031 4205 et
2069 4130 2285 4205 dicit:
2340 4153 2378 4204 e
2426 4136 2545 4226 qui
2577 4135 2838 4223 rayion
2873 4153 3018 4206 non
3049 4122 3324 4217 οήεαθίθ,

1017 4253 1224 4346 quasi
1274 4253 1511 4327 dicat:
1566 4273 1712 4327 non
1770 4251 2139 4347 expendas
2208 4258 2499 4347 tempus
2564 4252 2639 4326 in
2703 4253 3078 4348 probando
3138 4247 3320 4320 istam

1433 4497 1461 4532 c
1485 4496 1514 4532 e
1546 4497 1575 4533 e
1632 4484 1877 4546 perfecte.
2068 4483 2123 4546 (')
2156 4489 2203 4544 t,
2237 4485 2557 4548 suppleatur.
2749 4482 2804 4548 (¹)
2836 4484 2899 4536 E.
2933 4485 3011 4535 uti
3037 4476 3277 4533 fructibus·

1654 4560 1669 4608 i
1703 4559 1804 4686 (ξιξ
1834 4561 2102 4611 asteriscbi
2132 4574 2227 4612 son
2258 4562 2482 4626 supplite
2514 4562 2598 4612 dai
2628 4561 2802 4613 Codici
2836 4565 2866 4610 t
2899 4573 2929 4611 e
2963 4561 3178 4612 Esteme·
