<?xml version="1.0" encoding="UTF-8"?>
<!DOCTYPE html PUBLIC "-//W3C//DTD XHTML 1.0 Transitional//EN"
    "http://www.w3.org/TR/xhtml1/DTD/xhtml1-transitional.dtd">
<html xmlns="http://www.w3.org/1999/xhtml" xml:lang="en" lang="en">
 <head>
  <title>
</title>
<meta http-equiv="Content-Type" content="text/html;charset=utf-8" />
  <meta name='ocr-system' content='tesseract 3.04.00' />
  <meta name='ocr-capabilities' content='ocr_page ocr_carea ocr_par ocr_line ocrx_word'/>
</head>
<body>
  <div class='ocr_page' id='page_1' title='image "benevenutideram02lacagoog_0025.png"; bbox 0 0 3734 5567; ppageno 0'>
   <div class='ocr_carea' id='block_1_1' title="bbox 1261 501 2947 569">
    <p class='ocr_par' dir='ltr' id='par_1_1' title="bbox 1261 501 2947 569">
     <span class='ocr_line' id='line_1_1' title="bbox 1261 501 2947 569; baseline -0.001 -3"><span class='ocrx_word' id='word_1_1' title='bbox 1261 511 1539 567; x_wconf 77' lang='lat' dir='ltr'>CANTUS</span> <span class='ocrx_word' id='word_1_2' title='bbox 1588 514 1975 569; x_wconf 79' lang='lat' dir='ltr'><strong>VIGESIMUS</strong></span> <span class='ocrx_word' id='word_1_3' title='bbox 2025 513 2309 566; x_wconf 73' lang='lat' dir='ltr'><strong>ramus</strong></span> <span class='ocrx_word' id='word_1_4' title='bbox 2859 501 2947 567; x_wconf 83' lang='lat'><strong>15</strong></span> 
     </span>
    </p>
   </div>
   <div class='ocr_carea' id='block_1_2' title="bbox 601 656 2957 4465">
    <p class='ocr_par' dir='ltr' id='par_1_2' title="bbox 601 656 2957 4465">
     <span class='ocr_line' id='line_1_2' title="bbox 603 656 2949 754; baseline -0.002 -21"><span class='ocrx_word' id='word_1_5' title='bbox 603 659 791 734; x_wconf 86' lang='lat' dir='ltr'><strong>viter</strong></span> <span class='ocrx_word' id='word_1_6' title='bbox 842 659 1106 751; x_wconf 89' lang='lat' dir='ltr'><strong>dicam,</strong></span> <span class='ocrx_word' id='word_1_7' title='bbox 1142 657 1617 754; x_wconf 80' lang='lat' dir='ltr'>Augustinus,</span> <span class='ocrx_word' id='word_1_8' title='bbox 1653 658 2167 754; x_wconf 81' lang='lat' dir='ltr'><strong>HieronymuS,</strong></span> <span class='ocrx_word' id='word_1_9' title='bbox 2210 657 2540 751; x_wconf 85' lang='lat' dir='ltr'><strong>Rufinus,</strong></span> <span class='ocrx_word' id='word_1_10' title='bbox 2574 656 2949 750; x_wconf 87' lang='lat' dir='ltr'><strong>Horosius,</strong></span> 
     </span>
     <span class='ocr_line' id='line_1_3' title="bbox 604 777 2951 854; baseline -0.001 -1"><span class='ocrx_word' id='word_1_11' title='bbox 604 786 676 854; x_wconf 92' lang='lat' dir='ltr'><strong>et</strong></span> <span class='ocrx_word' id='word_1_12' title='bbox 726 778 973 853; x_wconf 85' lang='lat' dir='ltr'><strong>caeteri</strong></span> <span class='ocrx_word' id='word_1_13' title='bbox 1026 778 1100 850; x_wconf 91' lang='lat' dir='ltr'><strong>in</strong></span> <span class='ocrx_word' id='word_1_14' title='bbox 1152 778 1292 851; x_wconf 88' lang='lat' dir='ltr'><strong>hoc</strong></span> <span class='ocrx_word' id='word_1_15' title='bbox 1343 778 1806 852; x_wconf 79' lang='lat' dir='ltr'>concordant.</span> <span class='ocrx_word' id='word_1_16' title='bbox 1872 777 2015 853; x_wconf 91' lang='lat' dir='ltr'><strong>Sed</strong></span> <span class='ocrx_word' id='word_1_17' title='bbox 2075 779 2266 852; x_wconf 91' lang='lat' dir='ltr'><strong>bene</strong></span> <span class='ocrx_word' id='word_1_18' title='bbox 2315 777 2557 851; x_wconf 91' lang='lat' dir='ltr'><strong>divina</strong></span> <span class='ocrx_word' id='word_1_19' title='bbox 2610 777 2951 851; x_wconf 89' lang='lat' dir='ltr'><strong>maiestas</strong></span> 
     </span>
     <span class='ocr_line' id='line_1_4' title="bbox 602 896 2952 993; baseline -0.001 -20"><span class='ocrx_word' id='word_1_20' title='bbox 602 900 703 973; x_wconf 92' lang='lat' dir='ltr'><strong>sic</strong></span> <span class='ocrx_word' id='word_1_21' title='bbox 757 898 1008 973; x_wconf 81' lang='lat' dir='ltr'><strong>statuit</strong></span> <span class='ocrx_word' id='word_1_22' title='bbox 1056 905 1355 993; x_wconf 87' lang='lat' dir='ltr'><strong>propter</strong></span> <span class='ocrx_word' id='word_1_23' title='bbox 1404 904 1704 992; x_wconf 85' lang='lat' dir='ltr'><strong>peccata</strong></span> <span class='ocrx_word' id='word_1_24' title='bbox 1747 898 2198 993; x_wconf 66' lang='lat' dir='ltr'><strong>judaeorum,</strong></span> <span class='ocrx_word' id='word_1_25' title='bbox 2251 897 2423 992; x_wconf 90' lang='lat' dir='ltr'><strong>quia</strong></span> <span class='ocrx_word' id='word_1_26' title='bbox 2487 898 2579 971; x_wconf 92' lang='lat' dir='ltr'><strong>de</strong></span> <span class='ocrx_word' id='word_1_27' title='bbox 2643 896 2952 972; x_wconf 91' lang='lat' dir='ltr'><strong>inimicis</strong></span> 
     </span>
     <span class='ocr_line' id='line_1_5' title="bbox 604 1015 2950 1111; baseline -0.001 -20"><span class='ocrx_word' id='word_1_28' title='bbox 604 1018 786 1094; x_wconf 88' lang='lat' dir='ltr'><strong>meis</strong></span> <span class='ocrx_word' id='word_1_29' title='bbox 838 1018 1229 1092; x_wconf 80' lang='lat' dir='ltr'><strong>vindictam</strong></span> <span class='ocrx_word' id='word_1_30' title='bbox 1267 1017 1552 1091; x_wconf 83' lang='lat' dir='ltr'><strong>faciam.</strong></span> <span class='ocrx_word' id='word_1_31' title='bbox 1581 1057 1680 1071; x_wconf 97' lang='lat'>—</span> <span class='ocrx_word' id='word_1_32' title='bbox 1718 1023 1959 1091; x_wconf 79' lang='lat' dir='ltr'><strong>Tanto.</strong></span> <span class='ocrx_word' id='word_1_33' title='bbox 1997 1018 2127 1092; x_wconf 91' lang='lat' dir='ltr'><strong>Hic</strong></span> <span class='ocrx_word' id='word_1_34' title='bbox 2162 1017 2433 1091; x_wconf 82' lang='lat' dir='ltr'><strong>Statius</strong></span> <span class='ocrx_word' id='word_1_35' title='bbox 2467 1017 2640 1111; x_wconf 88' lang='lat' dir='ltr'><strong>quia</strong></span> <span class='ocrx_word' id='word_1_36' title='bbox 2675 1015 2950 1091; x_wconf 92' lang='lat' dir='ltr'><strong>descri-</strong></span> 
     </span>
     <span class='ocr_line' id='line_1_6' title="bbox 604 1137 2951 1235; baseline -0.001 -22"><span class='ocrx_word' id='word_1_37' title='bbox 604 1147 851 1235; x_wconf 88' lang='lat' dir='ltr'><strong>pserat</strong></span> <span class='ocrx_word' id='word_1_38' title='bbox 902 1159 983 1213; x_wconf 92' lang='lat' dir='ltr'><strong>se</strong></span> <span class='ocrx_word' id='word_1_39' title='bbox 1032 1160 1078 1212; x_wconf 90' lang='lat' dir='ltr'><strong>a</strong></span> <span class='ocrx_word' id='word_1_40' title='bbox 1130 1138 1349 1211; x_wconf 88' lang='lat' dir='ltr'><strong>nobili</strong></span> <span class='ocrx_word' id='word_1_41' title='bbox 1403 1138 1723 1231; x_wconf 89' lang='lat' dir='ltr'><strong>scientia,</strong></span> <span class='ocrx_word' id='word_1_42' title='bbox 1766 1138 2108 1213; x_wconf 80' lang='lat' dir='ltr'><strong>describit</strong></span> <span class='ocrx_word' id='word_1_43' title='bbox 2140 1158 2221 1212; x_wconf 90' lang='lat' dir='ltr'><strong>se</strong></span> <span class='ocrx_word' id='word_1_44' title='bbox 2254 1159 2299 1211; x_wconf 90' lang='lat' dir='ltr'><strong>a</strong></span> <span class='ocrx_word' id='word_1_45' title='bbox 2334 1137 2542 1211; x_wconf 90' lang='lat' dir='ltr'><strong>suavi</strong></span> <span class='ocrx_word' id='word_1_46' title='bbox 2594 1139 2951 1231; x_wconf 92' lang='lat' dir='ltr'><strong>eloquen-</strong></span> 
     </span>
     <span class='ocr_line' id='line_1_7' title="bbox 601 1257 2952 1353; baseline -0 -21"><span class='ocrx_word' id='word_1_47' title='bbox 601 1259 725 1353; x_wconf 87' lang='lat' dir='ltr'><strong>tia,</strong></span> <span class='ocrx_word' id='word_1_48' title='bbox 777 1259 1060 1333; x_wconf 86' lang='lat' dir='ltr'><strong>dicens:</strong></span> <span class='ocrx_word' id='word_1_49' title='bbox 1127 1263 1346 1331; x_wconf 80' lang='lat' dir='ltr'><strong>Tanto</strong></span> <span class='ocrx_word' id='word_1_50' title='bbox 1402 1262 1485 1351; x_wconf 83' lang='lat' dir='ltr'><strong>su</strong></span> <span class='ocrx_word' id='word_1_51' title='bbox 1545 1260 1741 1330; x_wconf 80' lang='lat' dir='ltr'><em>dolce</em></span> <span class='ocrx_word' id='word_1_52' title='bbox 1800 1261 1940 1330; x_wconf 84' lang='lat' dir='ltr'><strong>mio</strong></span> <span class='ocrx_word' id='word_1_53' title='bbox 2001 1260 2239 1330; x_wconf 82' lang='lat' dir='ltr'><strong>vocale</strong></span> <span class='ocrx_word' id='word_1_54' title='bbox 2285 1260 2527 1349; x_wconf 82' lang='lat' dir='ltr'><strong>spirto.</strong></span> <span class='ocrx_word' id='word_1_55' title='bbox 2580 1258 2710 1331; x_wconf 91' lang='lat' dir='ltr'><strong>Hic</strong></span> <span class='ocrx_word' id='word_1_56' title='bbox 2761 1257 2952 1352; x_wconf 82' lang='lat' dir='ltr'><strong>capit</strong></span> 
     </span>
     <span class='ocr_line' id='line_1_8' title="bbox 605 1371 2949 1475; baseline -0.001 -22"><span class='ocrx_word' id='word_1_57' title='bbox 605 1379 936 1475; x_wconf 89' lang='lat' dir='ltr'><strong>spiritum</strong></span> <span class='ocrx_word' id='word_1_58' title='bbox 1006 1387 1226 1473; x_wconf 92' lang='lat' dir='ltr'><strong>prout</strong></span> <span class='ocrx_word' id='word_1_59' title='bbox 1270 1371 1342 1471; x_wconf 73' lang='lat'><strong>(⁴)</strong></span> <span class='ocrx_word' id='word_1_60' title='bbox 1397 1378 1731 1452; x_wconf 88' lang='lat' dir='ltr'><strong>accidens</strong></span> <span class='ocrx_word' id='word_1_61' title='bbox 1795 1378 2113 1474; x_wconf 70' lang='lat' dir='ltr'><strong>syllabae,</strong></span> <span class='ocrx_word' id='word_1_62' title='bbox 2166 1378 2377 1471; x_wconf 89' lang='lat' dir='ltr'><strong>quasi</strong></span> <span class='ocrx_word' id='word_1_63' title='bbox 2429 1378 2653 1453; x_wconf 86' lang='lat' dir='ltr'><strong>dicat:</strong></span> <span class='ocrx_word' id='word_1_64' title='bbox 2722 1399 2949 1452; x_wconf 92' lang='lat' dir='ltr'><strong>sonus</strong></span> 
     </span>
     <span class='ocr_line' id='line_1_9' title="bbox 604 1496 2948 1594; baseline -0 -22"><span class='ocrx_word' id='word_1_65' title='bbox 604 1499 803 1573; x_wconf 88' lang='lat' dir='ltr'><strong>vocis</strong></span> <span class='ocrx_word' id='word_1_66' title='bbox 863 1519 1052 1572; x_wconf 85' lang='lat' dir='ltr'><strong>meae</strong></span> <span class='ocrx_word' id='word_1_67' title='bbox 1120 1506 1195 1573; x_wconf 90' lang='lat' dir='ltr'><strong>et</strong></span> <span class='ocrx_word' id='word_1_68' title='bbox 1263 1496 1871 1593; x_wconf 87' lang='lat' dir='ltr'><strong>pronuntiationis</strong></span> <span class='ocrx_word' id='word_1_69' title='bbox 1934 1518 2105 1570; x_wconf 90' lang='lat' dir='ltr'><strong>cum</strong></span> <span class='ocrx_word' id='word_1_70' title='bbox 2171 1517 2439 1594; x_wconf 84' lang='lat' dir='ltr'><strong>magna</strong></span> <span class='ocrx_word' id='word_1_71' title='bbox 2504 1498 2948 1592; x_wconf 79' lang='lat' dir='ltr'><strong>eloquentia,</strong></span> 
     </span>
     <span class='ocr_line' id='line_1_10' title="bbox 607 1608 2949 1714; baseline -0.001 -23"><span class='ocrx_word' id='word_1_72' title='bbox 607 1639 775 1714; x_wconf 87' lang='lat' dir='ltr'><strong>quae</strong></span> <span class='ocrx_word' id='word_1_73' title='bbox 826 1625 1025 1713; x_wconf 91' lang='lat' dir='ltr'><strong>patet</strong></span> <span class='ocrx_word' id='word_1_74' title='bbox 1076 1638 1167 1693; x_wconf 84' lang='lat' dir='ltr'><strong>ex</strong></span> <span class='ocrx_word' id='word_1_75' title='bbox 1220 1617 1566 1712; x_wconf 87' lang='lat' dir='ltr'><strong>operibus</strong></span> <span class='ocrx_word' id='word_1_76' title='bbox 1616 1617 1799 1710; x_wconf 80' lang='lat' dir='ltr'><strong>eiuS,</strong></span> <span class='ocrx_word' id='word_1_77' title='bbox 1834 1617 1927 1690; x_wconf 94' lang='lat' dir='ltr'><strong>de</strong></span> <span class='ocrx_word' id='word_1_78' title='bbox 1963 1637 2109 1710; x_wconf 90' lang='lat' dir='ltr'><strong>qua</strong></span> <span class='ocrx_word' id='word_1_79' title='bbox 2145 1616 2315 1690; x_wconf 92' lang='lat' dir='ltr'><strong>dicit</strong></span> <span class='ocrx_word' id='word_1_80' title='bbox 2341 1608 2415 1708; x_wconf 79' lang='lat'><strong>(²)</strong></span> <span class='ocrx_word' id='word_1_81' title='bbox 2471 1615 2839 1691; x_wconf 85' lang='lat' dir='ltr'><strong>Juvenalis</strong></span> <span class='ocrx_word' id='word_1_82' title='bbox 2875 1617 2949 1689; x_wconf 90' lang='lat' dir='ltr'><strong>in</strong></span> 
     </span>
     <span class='ocr_line' id='line_1_11' title="bbox 603 1738 2949 1833; baseline -0 -22"><span class='ocrx_word' id='word_1_83' title='bbox 603 1739 897 1833; x_wconf 86' lang='lat' dir='ltr'><strong>Satyra:</strong></span> <span class='ocrx_word' id='word_1_84' title='bbox 960 1742 1287 1812; x_wconf 74' lang='lat' dir='ltr'><strong>curritur</strong></span> <span class='ocrx_word' id='word_1_85' title='bbox 1345 1741 1443 1810; x_wconf 87' lang='lat' dir='ltr'><strong>ad</strong></span> <span class='ocrx_word' id='word_1_86' title='bbox 1510 1758 1742 1810; x_wconf 84' lang='lat' dir='ltr'><strong>vocem</strong></span> <span class='ocrx_word' id='word_1_87' title='bbox 1782 1738 2181 1828; x_wconf 81' lang='lat' dir='ltr'><strong>jucundam</strong></span> <span class='ocrx_word' id='word_1_88' title='bbox 2241 1743 2307 1809; x_wconf 81' lang='lat' dir='ltr'><strong>et</strong></span> <span class='ocrx_word' id='word_1_89' title='bbox 2368 1740 2656 1810; x_wconf 80' lang='lat' dir='ltr'><strong>carmen</strong></span> <span class='ocrx_word' id='word_1_90' title='bbox 2705 1740 2949 1810; x_wconf 81' lang='lat' dir='ltr'><strong>amicoe</strong></span> 
     </span>
     <span class='ocr_line' id='line_1_12' title="bbox 615 1857 2952 1950; baseline 0 -20"><span class='ocrx_word' id='word_1_91' title='bbox 615 1860 1019 1949; x_wconf 74' lang='lat' dir='ltr'><strong>Thebaidos,</strong></span> <span class='ocrx_word' id='word_1_92' title='bbox 1070 1861 1300 1930; x_wconf 83' lang='lat' dir='ltr'><strong>laetam</strong></span> <span class='ocrx_word' id='word_1_93' title='bbox 1375 1878 1529 1929; x_wconf 83' lang='lat' dir='ltr'><strong>cum</strong></span> <span class='ocrx_word' id='word_1_94' title='bbox 1598 1859 1762 1950; x_wconf 74' lang='lat' dir='ltr'><strong>fecit</strong></span> <span class='ocrx_word' id='word_1_95' title='bbox 1832 1859 2088 1929; x_wconf 80' lang='lat' dir='ltr'><strong>Statius</strong></span> <span class='ocrx_word' id='word_1_96' title='bbox 2165 1857 2426 1947; x_wconf 84' lang='lat' dir='ltr'><strong>urbem,</strong></span> <span class='ocrx_word' id='word_1_97' title='bbox 2490 1860 2952 1948; x_wconf 79' lang='lat' dir='ltr'><strong>Promisitque</strong></span> 
     </span>
     <span class='ocr_line' id='line_1_13' title="bbox 603 1979 2950 2071; baseline -0.002 -20"><span class='ocrx_word' id='word_1_98' title='bbox 603 1980 831 2071; x_wconf 82' lang='lat' dir='ltr'><strong>diem,·</strong></span> <span class='ocrx_word' id='word_1_99' title='bbox 884 1984 1082 2051; x_wconf 81' lang='lat' dir='ltr'><strong>tanta</strong></span> <span class='ocrx_word' id='word_1_100' title='bbox 1141 1980 1496 2051; x_wconf 78' lang='lat' dir='ltr'><strong>dulcedine</strong></span> <span class='ocrx_word' id='word_1_101' title='bbox 1555 1984 1795 2068; x_wconf 81' lang='lat' dir='ltr'><strong>captos</strong></span> <span class='ocrx_word' id='word_1_102' title='bbox 1845 1979 2067 2068; x_wconf 74' lang='lat' dir='ltr'><strong>Afficit</strong></span> <span class='ocrx_word' id='word_1_103' title='bbox 2112 1980 2224 2050; x_wconf 82' lang='lat' dir='ltr'><strong>ille</strong></span> <span class='ocrx_word' id='word_1_104' title='bbox 2275 1980 2547 2049; x_wconf 80' lang='lat' dir='ltr'><strong>animos</strong></span> <span class='ocrx_word' id='word_1_105' title='bbox 2595 1982 2731 2050; x_wconf 89' lang='lat' dir='ltr'><strong>etc.</strong></span> <span class='ocrx_word' id='word_1_106' title='bbox 2792 1979 2950 2067; x_wconf 75' lang='lat' dir='ltr'><strong>Che,</strong></span> 
     </span>
     <span class='ocr_line' id='line_1_14' title="bbox 604 2095 2952 2191; baseline -0.001 -20"><span class='ocrx_word' id='word_1_107' title='bbox 604 2104 832 2172; x_wconf 85' lang='lat' dir='ltr'><strong>Roma</strong></span> <span class='ocrx_word' id='word_1_108' title='bbox 883 2101 1203 2171; x_wconf 84' lang='lat' dir='ltr'><strong>trassemi</strong></span> <span class='ocrx_word' id='word_1_109' title='bbox 1262 2100 1606 2170; x_wconf 80' lang='lat' dir='ltr'><strong>Tolosano</strong></span> <span class='ocrx_word' id='word_1_110' title='bbox 1657 2118 1706 2169; x_wconf 89' lang='lat' dir='ltr'><strong>a</strong></span> <span class='ocrx_word' id='word_1_111' title='bbox 1752 2119 1844 2170; x_wconf 81' lang='lat' dir='ltr'><strong>se.</strong></span> <span class='ocrx_word' id='word_1_112' title='bbox 1901 2097 2066 2170; x_wconf 89' lang='lat' dir='ltr'><strong>Fuit</strong></span> <span class='ocrx_word' id='word_1_113' title='bbox 2108 2097 2302 2171; x_wconf 91' lang='lat' dir='ltr'><strong>enim</strong></span> <span class='ocrx_word' id='word_1_114' title='bbox 2346 2095 2618 2170; x_wconf 84' lang='lat' dir='ltr'><strong>Statius</strong></span> <span class='ocrx_word' id='word_1_115' title='bbox 2669 2096 2952 2191; x_wconf 85' lang='lat' dir='ltr'><strong>origine</strong></span> 
     </span>
     <span class='ocr_line' id='line_1_15' title="bbox 603 2216 2951 2311; baseline -0.002 -18"><span class='ocrx_word' id='word_1_116' title='bbox 603 2218 695 2293; x_wconf 93' lang='lat' dir='ltr'><strong>de</strong></span> <span class='ocrx_word' id='word_1_117' title='bbox 747 2219 963 2292; x_wconf 91' lang='lat' dir='ltr'><strong>nobili</strong></span> <span class='ocrx_word' id='word_1_118' title='bbox 1032 2219 1316 2310; x_wconf 85' lang='lat' dir='ltr'><strong>Tolosa,</strong></span> <span class='ocrx_word' id='word_1_119' title='bbox 1379 2237 1549 2311; x_wconf 86' lang='lat' dir='ltr'><strong>quae</strong></span> <span class='ocrx_word' id='word_1_120' title='bbox 1610 2222 1719 2291; x_wconf 89' lang='lat' dir='ltr'><strong>est</strong></span> <span class='ocrx_word' id='word_1_121' title='bbox 1780 2217 2034 2291; x_wconf 87' lang='lat' dir='ltr'><strong>civitas</strong></span> <span class='ocrx_word' id='word_1_122' title='bbox 2098 2217 2171 2289; x_wconf 92' lang='lat' dir='ltr'><strong>in</strong></span> <span class='ocrx_word' id='word_1_123' title='bbox 2234 2216 2605 2310; x_wconf 86' lang='lat' dir='ltr'><strong>provincia</strong></span> <span class='ocrx_word' id='word_1_124' title='bbox 2665 2216 2951 2289; x_wconf 88' lang='lat' dir='ltr'><strong>Narbo-</strong></span> 
     </span>
     <span class='ocr_line' id='line_1_16' title="bbox 605 2329 2952 2434; baseline 0 -23"><span class='ocrx_word' id='word_1_125' title='bbox 605 2339 835 2434; x_wconf 89' lang='lat' dir='ltr'><strong>nensi,</strong></span> <span class='ocrx_word' id='word_1_126' title='bbox 888 2339 1084 2413; x_wconf 92' lang='lat' dir='ltr'><strong>unde</strong></span> <span class='ocrx_word' id='word_1_127' title='bbox 1134 2339 1331 2412; x_wconf 88' lang='lat' dir='ltr'><strong>venit</strong></span> <span class='ocrx_word' id='word_1_128' title='bbox 1381 2338 1692 2411; x_wconf 89' lang='lat' dir='ltr'><strong>Romam</strong></span> <span class='ocrx_word' id='word_1_129' title='bbox 1748 2344 2085 2432; x_wconf 92' lang='lat' dir='ltr'><strong>tempore</strong></span> <span class='ocrx_word' id='word_1_130' title='bbox 2124 2336 2565 2431; x_wconf 82' lang='lat' dir='ltr'><strong>Vespasiani,</strong></span> <span class='ocrx_word' id='word_1_131' title='bbox 2602 2342 2677 2411; x_wconf 92' lang='lat' dir='ltr'><strong>et</strong></span> <span class='ocrx_word' id='word_1_132' title='bbox 2710 2329 2952 2431; x_wconf 85' lang='lat' dir='ltr'><strong>usque</strong></span> 
     </span>
     <span class='ocr_line' id='line_1_17' title="bbox 605 2455 2948 2552; baseline 0 -22"><span class='ocrx_word' id='word_1_133' title='bbox 605 2457 676 2530; x_wconf 92' lang='lat' dir='ltr'><strong>in</strong></span> <span class='ocrx_word' id='word_1_134' title='bbox 731 2464 1066 2552; x_wconf 85' lang='lat' dir='ltr'><strong>tempora</strong></span> <span class='ocrx_word' id='word_1_135' title='bbox 1123 2457 1511 2531; x_wconf 89' lang='lat' dir='ltr'><strong>Domitiani</strong></span> <span class='ocrx_word' id='word_1_136' title='bbox 1577 2456 1937 2551; x_wconf 87' lang='lat' dir='ltr'><strong>pervenit,</strong></span> <span class='ocrx_word' id='word_1_137' title='bbox 1991 2456 2115 2529; x_wconf 93' lang='lat' dir='ltr'><strong>ubi</strong></span> <span class='ocrx_word' id='word_1_138' title='bbox 2176 2455 2434 2530; x_wconf 89' lang='lat' dir='ltr'><strong>enituit</strong></span> <span class='ocrx_word' id='word_1_139' title='bbox 2492 2455 2734 2551; x_wconf 83' lang='lat' dir='ltr'><strong>fulgor</strong></span> <span class='ocrx_word' id='word_1_140' title='bbox 2795 2458 2948 2531; x_wconf 92' lang='lat' dir='ltr'><strong>elo-</strong></span> 
     </span>
     <span class='ocr_line' id='line_1_18' title="bbox 605 2576 2953 2669; baseline -0 -19"><span class='ocrx_word' id='word_1_141' title='bbox 605 2578 923 2669; x_wconf 77' lang='lat' dir='ltr'><strong>quentiae</strong></span> <span class='ocrx_word' id='word_1_142' title='bbox 973 2597 1148 2651; x_wconf 85' lang='lat' dir='ltr'><strong>suae.</strong></span> <span class='ocrx_word' id='word_1_143' title='bbox 1201 2576 1408 2651; x_wconf 89' lang='lat' dir='ltr'><strong>Unde</strong></span> <span class='ocrx_word' id='word_1_144' title='bbox 1457 2576 1663 2649; x_wconf 89' lang='lat' dir='ltr'><strong>dicit:</strong></span> <span class='ocrx_word' id='word_1_145' title='bbox 1717 2580 1893 2650; x_wconf 87' lang='lat' dir='ltr'><strong>dove</strong></span> <span class='ocrx_word' id='word_1_146' title='bbox 1926 2578 2178 2648; x_wconf 75' lang='lat' dir='ltr'><strong>merlai</strong></span> <span class='ocrx_word' id='word_1_147' title='bbox 2209 2578 2271 2647; x_wconf 84' lang='lat' dir='ltr'><strong>le</strong></span> <span class='ocrx_word' id='word_1_148' title='bbox 2303 2577 2542 2666; x_wconf 81' lang='lat' dir='ltr'><strong>tempie</strong></span> <span class='ocrx_word' id='word_1_149' title='bbox 2590 2595 2819 2647; x_wconf 83' lang='lat' dir='ltr'><strong>ornar</strong></span> <span class='ocrx_word' id='word_1_150' title='bbox 2875 2578 2953 2649; x_wconf 76' lang='lat' dir='ltr'><strong>di</strong></span> 
     </span>
     <span class='ocr_line' id='line_1_19' title="bbox 605 2693 2947 2789; baseline -0.001 -20"><span class='ocrx_word' id='word_1_151' title='bbox 605 2700 832 2769; x_wconf 82' lang='lat' dir='ltr'><strong>mirlo.</strong></span> <span class='ocrx_word' id='word_1_152' title='bbox 885 2697 1106 2786; x_wconf 87' lang='lat' dir='ltr'><strong>Quasi</strong></span> <span class='ocrx_word' id='word_1_153' title='bbox 1156 2697 1391 2771; x_wconf 90' lang='lat' dir='ltr'><strong>dicat:</strong></span> <span class='ocrx_word' id='word_1_154' title='bbox 1462 2696 1566 2769; x_wconf 89' lang='lat' dir='ltr'><strong>fui</strong></span> <span class='ocrx_word' id='word_1_155' title='bbox 1616 2700 2011 2770; x_wconf 88' lang='lat' dir='ltr'><strong>coronatus</strong></span> <span class='ocrx_word' id='word_1_156' title='bbox 2064 2693 2329 2767; x_wconf 91' lang='lat' dir='ltr'><strong>merito</strong></span> <span class='ocrx_word' id='word_1_157' title='bbox 2393 2693 2648 2767; x_wconf 89' lang='lat' dir='ltr'><strong>fronde</strong></span> <span class='ocrx_word' id='word_1_158' title='bbox 2699 2694 2947 2789; x_wconf 84' lang='lat' dir='ltr'><strong>myrti,</strong></span> 
     </span>
     <span class='ocr_line' id='line_1_20' title="bbox 608 2813 2949 2910; baseline -0 -21"><span class='ocrx_word' id='word_1_159' title='bbox 608 2835 774 2910; x_wconf 83' lang='lat' dir='ltr'><strong>quae</strong></span> <span class='ocrx_word' id='word_1_160' title='bbox 824 2823 933 2891; x_wconf 91' lang='lat' dir='ltr'><strong>est</strong></span> <span class='ocrx_word' id='word_1_161' title='bbox 984 2817 1207 2890; x_wconf 90' lang='lat' dir='ltr'><strong>arbor</strong></span> <span class='ocrx_word' id='word_1_162' title='bbox 1258 2817 1484 2890; x_wconf 87' lang='lat' dir='ltr'><strong>calida</strong></span> <span class='ocrx_word' id='word_1_163' title='bbox 1536 2817 1877 2909; x_wconf 89' lang='lat' dir='ltr'><strong>multum,</strong></span> <span class='ocrx_word' id='word_1_164' title='bbox 1913 2815 2005 2888; x_wconf 90' lang='lat' dir='ltr'><strong>ad</strong></span> <span class='ocrx_word' id='word_1_165' title='bbox 2046 2813 2548 2888; x_wconf 88' lang='lat' dir='ltr'><strong>denotandum</strong></span> <span class='ocrx_word' id='word_1_166' title='bbox 2604 2813 2949 2888; x_wconf 90' lang='lat' dir='ltr'><strong>ardorem</strong></span> 
     </span>
     <span class='ocr_line' id='line_1_21' title="bbox 606 2924 2954 3030; baseline 0 -23"><span class='ocrx_word' id='word_1_167' title='bbox 606 2934 873 3030; x_wconf 86' lang='lat' dir='ltr'><strong>ingenii</strong></span> <span class='ocrx_word' id='word_1_168' title='bbox 924 2936 1205 3029; x_wconf 90' lang='lat' dir='ltr'><strong>poetici.</strong></span> <span class='ocrx_word' id='word_1_169' title='bbox 1265 2937 1509 3009; x_wconf 84' lang='lat' dir='ltr'><strong>Multae</strong></span> <span class='ocrx_word' id='word_1_170' title='bbox 1573 2943 1819 3009; x_wconf 89' lang='lat' dir='ltr'><strong>tamen</strong></span> <span class='ocrx_word' id='word_1_171' title='bbox 1881 2941 2093 3008; x_wconf 90' lang='lat' dir='ltr'><strong>erant</strong></span> <span class='ocrx_word' id='word_1_172' title='bbox 2149 2933 2321 3007; x_wconf 91' lang='lat' dir='ltr'><strong>olim</strong></span> <span class='ocrx_word' id='word_1_173' title='bbox 2388 2952 2683 3006; x_wconf 86' lang='lat' dir='ltr'><strong>coronae</strong></span> <span class='ocrx_word' id='word_1_174' title='bbox 2713 2924 2784 3026; x_wconf 78' lang='lat'><strong>(³)</strong></span> <span class='ocrx_word' id='word_1_175' title='bbox 2859 2934 2954 3008; x_wconf 95' lang='lat' dir='ltr'><strong>de</strong></span> 
     </span>
     <span class='ocr_line' id='line_1_22' title="bbox 608 3051 2949 3150; baseline 0 -24"><span class='ocrx_word' id='word_1_176' title='bbox 608 3055 872 3148; x_wconf 90' lang='lat' dir='ltr'><strong>quibus</strong></span> <span class='ocrx_word' id='word_1_177' title='bbox 922 3054 1207 3128; x_wconf 89' lang='lat' dir='ltr'><strong>dicetur</strong></span> <span class='ocrx_word' id='word_1_178' title='bbox 1259 3055 1496 3150; x_wconf 92' lang='lat' dir='ltr'><strong>primo</strong></span> <span class='ocrx_word' id='word_1_179' title='bbox 1546 3055 1864 3150; x_wconf 88' lang='lat' dir='ltr'><strong>capitulo</strong></span> <span class='ocrx_word' id='word_1_180' title='bbox 1917 3052 2259 3127; x_wconf 90' lang='lat' dir='ltr'><strong>Paradisi.</strong></span> <span class='ocrx_word' id='word_1_181' title='bbox 2298 3051 2573 3126; x_wconf 88' lang='lat' dir='ltr'><strong>Deinde</strong></span> <span class='ocrx_word' id='word_1_182' title='bbox 2605 3053 2949 3127; x_wconf 90' lang='lat' dir='ltr'><strong>describit</strong></span> 
     </span>
     <span class='ocr_line' id='line_1_23' title="bbox 607 3175 2957 3270; baseline -0.001 -22"><span class='ocrx_word' id='word_1_183' title='bbox 607 3194 685 3248; x_wconf 89' lang='lat' dir='ltr'><strong>se</strong></span> <span class='ocrx_word' id='word_1_184' title='bbox 734 3195 776 3248; x_wconf 87' lang='lat' dir='ltr'><strong>a</strong></span> <span class='ocrx_word' id='word_1_185' title='bbox 831 3175 1126 3248; x_wconf 91' lang='lat' dir='ltr'><strong>nomine</strong></span> <span class='ocrx_word' id='word_1_186' title='bbox 1177 3175 1472 3270; x_wconf 91' lang='lat' dir='ltr'><strong>proprio</strong></span> <span class='ocrx_word' id='word_1_187' title='bbox 1523 3175 1807 3249; x_wconf 90' lang='lat' dir='ltr'><strong>dicens:</strong></span> <span class='ocrx_word' id='word_1_188' title='bbox 1862 3177 1937 3245; x_wconf 82' lang='lat' dir='ltr'><strong>la</strong></span> <span class='ocrx_word' id='word_1_189' title='bbox 1975 3179 2173 3265; x_wconf 74' lang='lat' dir='ltr'><strong>yeme</strong></span> <span class='ocrx_word' id='word_1_190' title='bbox 2210 3194 2433 3245; x_wconf 83' lang='lat' dir='ltr'><strong>ancor</strong></span> <span class='ocrx_word' id='word_1_191' title='bbox 2485 3177 2582 3245; x_wconf 81' lang='lat' dir='ltr'><strong>mi</strong></span> <span class='ocrx_word' id='word_1_192' title='bbox 2633 3194 2847 3245; x_wconf 85' lang='lat' dir='ltr'><strong>noma</strong></span> <span class='ocrx_word' id='word_1_193' title='bbox 2880 3175 2957 3246; x_wconf 83' lang='lat' dir='ltr'><strong>di</strong></span> 
     </span>
     <span class='ocr_line' id='line_1_24' title="bbox 607 3280 2950 3387; baseline 0.002 -25"><span class='ocrx_word' id='word_1_194' title='bbox 607 3280 703 3381; x_wconf 75' lang='lat' dir='ltr'><strong>ld,</strong></span> <span class='ocrx_word' id='word_1_195' title='bbox 754 3290 1047 3385; x_wconf 90' lang='lat' dir='ltr'><strong>scilicet,</strong></span> <span class='ocrx_word' id='word_1_196' title='bbox 1097 3291 1172 3364; x_wconf 93' lang='lat' dir='ltr'><strong>in</strong></span> <span class='ocrx_word' id='word_1_197' title='bbox 1226 3293 1501 3366; x_wconf 91' lang='lat' dir='ltr'><strong>mundo</strong></span> <span class='ocrx_word' id='word_1_198' title='bbox 1553 3292 1999 3366; x_wconf 79' lang='lat' dir='ltr'><strong>viventium:</strong></span> <span class='ocrx_word' id='word_1_199' title='bbox 2037 3298 2112 3366; x_wconf 92' lang='lat' dir='ltr'><strong>et</strong></span> <span class='ocrx_word' id='word_1_200' title='bbox 2162 3290 2265 3365; x_wconf 91' lang='lat' dir='ltr'><strong>sic</strong></span> <span class='ocrx_word' id='word_1_201' title='bbox 2299 3291 2624 3384; x_wconf 90' lang='lat' dir='ltr'><strong>loquitur</strong></span> <span class='ocrx_word' id='word_1_202' title='bbox 2658 3291 2950 3387; x_wconf 80' lang='lat' dir='ltr'><strong>StatiuS,</strong></span> 
     </span>
     <span class='ocr_line' id='line_1_25' title="bbox 609 3410 2954 3506; baseline 0.001 -23"><span class='ocrx_word' id='word_1_203' title='bbox 609 3410 778 3503; x_wconf 90' lang='lat' dir='ltr'><strong>quia</strong></span> <span class='ocrx_word' id='word_1_204' title='bbox 843 3411 1111 3486; x_wconf 88' lang='lat' dir='ltr'><strong>Dantes</strong></span> <span class='ocrx_word' id='word_1_205' title='bbox 1176 3419 1335 3486; x_wconf 90' lang='lat' dir='ltr'><strong>erat</strong></span> <span class='ocrx_word' id='word_1_206' title='bbox 1398 3412 1496 3485; x_wconf 90' lang='lat' dir='ltr'><strong>ibi</strong></span> <span class='ocrx_word' id='word_1_207' title='bbox 1559 3412 1818 3506; x_wconf 80' lang='lat' dir='ltr'><strong>vivus3</strong></span> <span class='ocrx_word' id='word_1_208' title='bbox 1895 3415 2154 3485; x_wconf 76' lang='lat' dir='ltr'><strong>StaziO.</strong></span> <span class='ocrx_word' id='word_1_209' title='bbox 2207 3413 2361 3486; x_wconf 92' lang='lat' dir='ltr'><strong>Hoc</strong></span> <span class='ocrx_word' id='word_1_210' title='bbox 2413 3433 2681 3487; x_wconf 89' lang='lat' dir='ltr'><strong>nomen</strong></span> <span class='ocrx_word' id='word_1_211' title='bbox 2739 3419 2954 3487; x_wconf 89' lang='lat' dir='ltr'><strong>sonat</strong></span> 
     </span>
     <span class='ocr_line' id='line_1_26' title="bbox 608 3529 2954 3625; baseline 0.001 -22"><span class='ocrx_word' id='word_1_212' title='bbox 608 3529 974 3625; x_wconf 84' lang='lat' dir='ltr'><strong>effectum,</strong></span> <span class='ocrx_word' id='word_1_213' title='bbox 1029 3531 1203 3624; x_wconf 88' lang='lat' dir='ltr'><strong>quia</strong></span> <span class='ocrx_word' id='word_1_214' title='bbox 1255 3532 1449 3606; x_wconf 87' lang='lat' dir='ltr'><strong>stetit</strong></span> <span class='ocrx_word' id='word_1_215' title='bbox 1497 3531 1623 3605; x_wconf 91' lang='lat' dir='ltr'><strong>diu</strong></span> <span class='ocrx_word' id='word_1_216' title='bbox 1675 3533 2008 3607; x_wconf 89' lang='lat' dir='ltr'><strong>occultus</strong></span> <span class='ocrx_word' id='word_1_217' title='bbox 2058 3531 2493 3605; x_wconf 88' lang='lat' dir='ltr'><strong>christianus</strong></span> <span class='ocrx_word' id='word_1_218' title='bbox 2548 3531 2620 3604; x_wconf 91' lang='lat' dir='ltr'><strong>in</strong></span> <span class='ocrx_word' id='word_1_219' title='bbox 2677 3531 2823 3605; x_wconf 87' lang='lat' dir='ltr'><strong>vita</strong></span> <span class='ocrx_word' id='word_1_220' title='bbox 2876 3539 2954 3606; x_wconf 91' lang='lat' dir='ltr'><strong>et</strong></span> 
     </span>
     <span class='ocr_line' id='line_1_27' title="bbox 607 3644 2951 3746; baseline 0.001 -24"><span class='ocrx_word' id='word_1_221' title='bbox 607 3644 767 3744; x_wconf 90' lang='lat' dir='ltr'><strong>post</strong></span> <span class='ocrx_word' id='word_1_222' title='bbox 821 3657 1135 3725; x_wconf 87' lang='lat' dir='ltr'><strong>mortem</strong></span> <span class='ocrx_word' id='word_1_223' title='bbox 1190 3652 1385 3726; x_wconf 90' lang='lat' dir='ltr'><strong>stetit</strong></span> <span class='ocrx_word' id='word_1_224' title='bbox 1435 3672 1566 3746; x_wconf 92' lang='lat' dir='ltr'><strong>per</strong></span> <span class='ocrx_word' id='word_1_225' title='bbox 1620 3657 1725 3725; x_wconf 89' lang='lat' dir='ltr'><strong>tot</strong></span> <span class='ocrx_word' id='word_1_226' title='bbox 1775 3653 2063 3745; x_wconf 84' lang='lat' dir='ltr'><strong>secula3</strong></span> <span class='ocrx_word' id='word_1_227' title='bbox 2105 3657 2180 3725; x_wconf 89' lang='lat' dir='ltr'><strong>et</strong></span> <span class='ocrx_word' id='word_1_228' title='bbox 2221 3650 2409 3725; x_wconf 91' lang='lat' dir='ltr'><strong>sicut</strong></span> <span class='ocrx_word' id='word_1_229' title='bbox 2460 3650 2800 3746; x_wconf 88' lang='lat' dir='ltr'><strong>Virgilius</strong></span> <span class='ocrx_word' id='word_1_230' title='bbox 2840 3651 2951 3725; x_wconf 92' lang='lat' dir='ltr'><strong>di-</strong></span> 
     </span>
     <span class='ocr_line' id='line_1_28' title="bbox 608 3770 2952 3868; baseline 0.001 -25"><span class='ocrx_word' id='word_1_231' title='bbox 608 3774 767 3843; x_wconf 90' lang='lat' dir='ltr'><strong>ctus</strong></span> <span class='ocrx_word' id='word_1_232' title='bbox 817 3778 927 3843; x_wconf 90' lang='lat' dir='ltr'><strong>est</strong></span> <span class='ocrx_word' id='word_1_233' title='bbox 974 3791 1022 3843; x_wconf 89' lang='lat' dir='ltr'><strong>a</strong></span> <span class='ocrx_word' id='word_1_234' title='bbox 1073 3771 1303 3868; x_wconf 85' lang='lat' dir='ltr'><strong>virga,</strong></span> <span class='ocrx_word' id='word_1_235' title='bbox 1355 3772 1454 3844; x_wconf 89' lang='lat' dir='ltr'><strong>ita</strong></span> <span class='ocrx_word' id='word_1_236' title='bbox 1505 3770 1774 3844; x_wconf 90' lang='lat' dir='ltr'><strong>Statius</strong></span> <span class='ocrx_word' id='word_1_237' title='bbox 1823 3770 2060 3844; x_wconf 87' lang='lat' dir='ltr'><strong>dictus</strong></span> <span class='ocrx_word' id='word_1_238' title='bbox 2119 3776 2232 3844; x_wconf 91' lang='lat' dir='ltr'><strong>est</strong></span> <span class='ocrx_word' id='word_1_239' title='bbox 2294 3771 2636 3843; x_wconf 89' lang='lat' dir='ltr'><strong>surculus</strong></span> <span class='ocrx_word' id='word_1_240' title='bbox 2685 3792 2730 3844; x_wconf 90' lang='lat' dir='ltr'><strong>a</strong></span> <span class='ocrx_word' id='word_1_241' title='bbox 2783 3793 2952 3845; x_wconf 86' lang='lat' dir='ltr'><strong>sur-</strong></span> 
     </span>
     <span class='ocr_line' id='line_1_29' title="bbox 608 3879 2951 3985; baseline 0 -21"><span class='ocrx_word' id='word_1_242' title='bbox 608 3890 796 3984; x_wconf 91' lang='lat' dir='ltr'><strong>culo,</strong></span> <span class='ocrx_word' id='word_1_243' title='bbox 850 3890 1019 3985; x_wconf 88' lang='lat' dir='ltr'><strong>quia</strong></span> <span class='ocrx_word' id='word_1_244' title='bbox 1054 3879 1128 3983; x_wconf 76' lang='lat'><strong>(⁴)</strong></span> <span class='ocrx_word' id='word_1_245' title='bbox 1181 3892 1372 3966; x_wconf 88' lang='lat' dir='ltr'><strong>idern</strong></span> <span class='ocrx_word' id='word_1_246' title='bbox 1432 3898 1663 3966; x_wconf 86' lang='lat' dir='ltr'><strong>sonat.</strong></span> <span class='ocrx_word' id='word_1_247' title='bbox 1733 3890 2007 3965; x_wconf 88' lang='lat' dir='ltr'><strong>Deinde</strong></span> <span class='ocrx_word' id='word_1_248' title='bbox 2057 3889 2326 3964; x_wconf 86' lang='lat' dir='ltr'><strong>Statius</strong></span> <span class='ocrx_word' id='word_1_249' title='bbox 2376 3890 2718 3964; x_wconf 90' lang='lat' dir='ltr'><strong>describit</strong></span> <span class='ocrx_word' id='word_1_250' title='bbox 2776 3910 2856 3965; x_wconf 91' lang='lat' dir='ltr'><strong>se</strong></span> <span class='ocrx_word' id='word_1_251' title='bbox 2906 3913 2951 3965; x_wconf 89' lang='lat' dir='ltr'><strong>a</strong></span> 
     </span>
     <span class='ocr_line' id='line_1_30' title="bbox 607 4009 2952 4105; baseline 0 -22"><span class='ocrx_word' id='word_1_252' title='bbox 607 4009 870 4104; x_wconf 87' lang='lat' dir='ltr'><strong>duplici</strong></span> <span class='ocrx_word' id='word_1_253' title='bbox 923 4010 1229 4085; x_wconf 90' lang='lat' dir='ltr'><strong>materia</strong></span> <span class='ocrx_word' id='word_1_254' title='bbox 1280 4011 1372 4085; x_wconf 93' lang='lat' dir='ltr'><strong>de</strong></span> <span class='ocrx_word' id='word_1_255' title='bbox 1423 4031 1570 4105; x_wconf 90' lang='lat' dir='ltr'><strong>qua</strong></span> <span class='ocrx_word' id='word_1_256' title='bbox 1623 4010 1926 4105; x_wconf 90' lang='lat' dir='ltr'><strong>scripsit,</strong></span> <span class='ocrx_word' id='word_1_257' title='bbox 1979 4010 2266 4085; x_wconf 90' lang='lat' dir='ltr'><strong>dicens:</strong></span> <span class='ocrx_word' id='word_1_258' title='bbox 2319 4013 2555 4084; x_wconf 78' lang='lat' dir='ltr'><strong>camai</strong></span> <span class='ocrx_word' id='word_1_259' title='bbox 2611 4013 2686 4084; x_wconf 86' lang='lat' dir='ltr'><strong>di</strong></span> <span class='ocrx_word' id='word_1_260' title='bbox 2757 4013 2952 4102; x_wconf 83' lang='lat' dir='ltr'><strong>Tebe,</strong></span> 
     </span>
     <span class='ocr_line' id='line_1_31' title="bbox 607 4127 2953 4225; baseline 0.002 -25"><span class='ocrx_word' id='word_1_261' title='bbox 607 4127 812 4222; x_wconf 91' lang='lat' dir='ltr'><strong>idest,</strong></span> <span class='ocrx_word' id='word_1_262' title='bbox 848 4128 1131 4223; x_wconf 89' lang='lat' dir='ltr'><strong>poetice</strong></span> <span class='ocrx_word' id='word_1_263' title='bbox 1180 4130 1525 4225; x_wconf 90' lang='lat' dir='ltr'><strong>descripsi</strong></span> <span class='ocrx_word' id='word_1_264' title='bbox 1562 4130 1947 4205; x_wconf 90' lang='lat' dir='ltr'><strong>materiam</strong></span> <span class='ocrx_word' id='word_1_265' title='bbox 1991 4131 2426 4205; x_wconf 87' lang='lat' dir='ltr'><strong>thebanam:</strong></span> <span class='ocrx_word' id='word_1_266' title='bbox 2465 4151 2633 4203; x_wconf 91' lang='lat' dir='ltr'><strong>nam</strong></span> <span class='ocrx_word' id='word_1_267' title='bbox 2679 4129 2953 4206; x_wconf 90' lang='lat' dir='ltr'><strong>Statius</strong></span> 
     </span>
     <span class='ocr_line' id='line_1_32' title="bbox 610 4247 2954 4327; baseline 0.003 -6"><span class='ocrx_word' id='word_1_268' title='bbox 610 4247 860 4323; x_wconf 84' lang='lat' dir='ltr'><strong>videns</strong></span> <span class='ocrx_word' id='word_1_269' title='bbox 903 4247 1424 4324; x_wconf 89' lang='lat' dir='ltr'><strong>dissensionem</strong></span> <span class='ocrx_word' id='word_1_270' title='bbox 1462 4269 1623 4324; x_wconf 93' lang='lat' dir='ltr'><strong>esse</strong></span> <span class='ocrx_word' id='word_1_271' title='bbox 1656 4249 1846 4324; x_wconf 86' lang='lat' dir='ltr'><strong>inter</strong></span> <span class='ocrx_word' id='word_1_272' title='bbox 1881 4250 2125 4323; x_wconf 89' lang='lat' dir='ltr'><strong>Titum</strong></span> <span class='ocrx_word' id='word_1_273' title='bbox 2163 4257 2236 4324; x_wconf 91' lang='lat' dir='ltr'><strong>et</strong></span> <span class='ocrx_word' id='word_1_274' title='bbox 2269 4250 2765 4325; x_wconf 89' lang='lat' dir='ltr'><strong>Domitianum</strong></span> <span class='ocrx_word' id='word_1_275' title='bbox 2805 4252 2954 4327; x_wconf 89' lang='lat' dir='ltr'><strong>fra-</strong></span> 
     </span>
     <span class='ocr_line' id='line_1_33' title="bbox 608 4359 2953 4465; baseline 0.001 -24"><span class='ocrx_word' id='word_1_276' title='bbox 608 4372 757 4443; x_wconf 87' lang='lat' dir='ltr'><strong>tres</strong></span> <span class='ocrx_word' id='word_1_277' title='bbox 806 4370 1197 4465; x_wconf 89' lang='lat' dir='ltr'><strong>assumpsit</strong></span> <span class='ocrx_word' id='word_1_278' title='bbox 1247 4370 1338 4444; x_wconf 90' lang='lat' dir='ltr'><strong>ad</strong></span> <span class='ocrx_word' id='word_1_279' title='bbox 1391 4369 1940 4446; x_wconf 87' lang='lat' dir='ltr'><strong>instructionem</strong></span> <span class='ocrx_word' id='word_1_280' title='bbox 1996 4390 2256 4444; x_wconf 92' lang='lat' dir='ltr'><strong>eorum</strong></span> <span class='ocrx_word' id='word_1_281' title='bbox 2302 4359 2491 4444; x_wconf 89' lang='lat' dir='ltr'><strong>banc</strong></span> <span class='ocrx_word' id='word_1_282' title='bbox 2528 4391 2953 4445; x_wconf 87' lang='lat' dir='ltr'><strong>memoran-</strong></span> 
     </span>
    </p>
   </div>
   <div class='ocr_carea' id='block_1_3' title="bbox 730 4553 2951 4698">
    <p class='ocr_par' dir='ltr' id='par_1_3' title="bbox 730 4553 2951 4698">
     <span class='ocr_line' id='line_1_34' title="bbox 730 4553 2951 4622; baseline 0.001 -18"><span class='ocrx_word' id='word_1_283' title='bbox 730 4554 786 4616; x_wconf 89' lang='lat'><strong>(¹)</strong></span> <span class='ocrx_word' id='word_1_284' title='bbox 818 4553 878 4605; x_wconf 99' lang='grc' dir='ltr'><strong>Ε.</strong></span> <span class='ocrx_word' id='word_1_285' title='bbox 910 4560 1069 4619; x_wconf 85' lang='lat' dir='ltr'><strong>prout</strong></span> <span class='ocrx_word' id='word_1_286' title='bbox 1099 4561 1179 4607; x_wconf 82' lang='lat' dir='ltr'><strong>est</strong></span> <span class='ocrx_word' id='word_1_287' title='bbox 1209 4557 1460 4607; x_wconf 77' lang='lat' dir='ltr'><strong>accidens.</strong></span> <span class='ocrx_word' id='word_1_288' title='bbox 1914 4555 1970 4618; x_wconf 82' lang='lat'><strong>(²)</strong></span> <span class='ocrx_word' id='word_1_289' title='bbox 2002 4556 2062 4606; x_wconf 88' lang='grc' dir='ltr'><strong>Ε.</strong></span> <span class='ocrx_word' id='word_1_290' title='bbox 2096 4557 2225 4608; x_wconf 81' lang='lat' dir='ltr'><strong>dixit</strong></span> <span class='ocrx_word' id='word_1_291' title='bbox 2256 4556 2519 4608; x_wconf 76' lang='lat' dir='ltr'><strong>Iuvenalis</strong></span> <span class='ocrx_word' id='word_1_292' title='bbox 2551 4559 2604 4607; x_wconf 86' lang='lat' dir='ltr'><strong>in</strong></span> <span class='ocrx_word' id='word_1_293' title='bbox 2637 4557 2818 4622; x_wconf 77' lang='lat' dir='ltr'><strong>Satyra</strong></span> <span class='ocrx_word' id='word_1_294' title='bbox 2839 4558 2951 4608; x_wconf 86' lang='lat' dir='ltr'><strong>vn.</strong></span> 
     </span>
     <span class='ocr_line' id='line_1_35' title="bbox 730 4629 2793 4698; baseline 0.001 -16"><span class='ocrx_word' id='word_1_295' title='bbox 730 4629 783 4691; x_wconf 80' lang='lat'><strong>(&#39;)</strong></span> <span class='ocrx_word' id='word_1_296' title='bbox 815 4630 876 4681; x_wconf 90' lang='grc' dir='ltr'><strong>Ε.</strong></span> <span class='ocrx_word' id='word_1_297' title='bbox 908 4645 1116 4684; x_wconf 64' lang='lat' dir='ltr'><strong>corona</strong></span> <span class='ocrx_word' id='word_1_298' title='bbox 1149 4635 1379 4697; x_wconf 67' lang='lat' dir='ltr'><strong>poetico,</strong></span> <span class='ocrx_word' id='word_1_299' title='bbox 1412 4633 1477 4684; x_wconf 84' lang='lat' dir='ltr'><strong>de</strong></span> <span class='ocrx_word' id='word_1_300' title='bbox 1507 4633 1711 4698; x_wconf 78' lang='lat' dir='ltr'><strong>quibus.</strong></span> <span class='ocrx_word' id='word_1_301' title='bbox 1915 4633 1969 4697; x_wconf 84' lang='lat'><strong>(⁸)</strong></span> <span class='ocrx_word' id='word_1_302' title='bbox 2003 4633 2063 4683; x_wconf 87' lang='grc' dir='ltr'><strong>Ε.</strong></span> <span class='ocrx_word' id='word_1_303' title='bbox 2094 4634 2235 4698; x_wconf 87' lang='lat' dir='ltr'><strong>quod</strong></span> <span class='ocrx_word' id='word_1_304' title='bbox 2266 4638 2346 4684; x_wconf 74' lang='lat' dir='ltr'><strong>est</strong></span> <span class='ocrx_word' id='word_1_305' title='bbox 2374 4639 2428 4685; x_wconf 83' lang='lat' dir='ltr'><strong>et</strong></span> <span class='ocrx_word' id='word_1_306' title='bbox 2459 4637 2607 4684; x_wconf 77' lang='lat' dir='ltr'><strong>sonat</strong></span> <span class='ocrx_word' id='word_1_307' title='bbox 2638 4633 2793 4684; x_wconf 83' lang='lat' dir='ltr'><strong>idem.</strong></span> 
     </span>
    </p>
   </div>
  </div>
 </body>
</html>
