3734 5567
1143 504 1420 559 CANTUS
1472 504 1855 558 vlo-Esnuns
1882 502 2246 575 omnus.
2725 487 2860 554 169

528 653 770 729 statim
823 671 995 726 cum
1051 650 1188 724 fuit
1236 650 1311 723 in
1363 650 1541 745 ripa,
1597 639 1671 723 Ιά
1704 651 1882 722 dove
1931 651 1976 723 l’
2001 648 2160 722 erbe
2191 668 2368 720 sono
2417 647 2718 737 baynate
2748 634 2869 735 yid

526 776 694 847 dall'
720 774 901 845 made
948 773 1065 844 del
1110 770 1218 842 bel
1253 771 1491 861 fiume,
1545 769 1837 861 scilicet,
1889 767 2185 842 Lethaei.
2240 767 2327 840 Et
2369 766 2870 862 superexaltat

525 890 1089 988 pulcritudinem
1142 889 1349 964 istius
1399 889 1713 964 dominae
1754 888 2243 982 multiplicans
2283 885 2870 981 comparationes

529 1012 840 1107 pulcraS.
909 1011 995 1083 Et
1062 1010 1155 1084 ad
1221 1008 1788 1083 ¹declarationem
1862 1008 2067 1081 istius
2137 1006 2696 1101 comparationis
2758 1011 2869 1079 est

526 1131 926 1224 sciendum,
981 1130 1178 1224 quod
1228 1128 1525 1203 Ovidius
1576 1129 1779 1225 fingit
1831 1129 1903 1201 in
1956 1128 2023 1200 X
2081 1127 2390 1221 MaioriS,
2443 1126 2639 1220 quod
2690 1145 2863 1199 cum

528 1250 803 1345 Cupido
867 1249 1054 1322 filius
1117 1247 1418 1323 Veneris
1476 1249 1940 1322 oscularetur
2000 1254 2313 1321 matrem
2375 1246 2654 1342 sagipta
2714 1264 2866 1318 una

527 1370 828 1444 exiliens
878 1369 971 1444 de
1019 1371 1364 1464 pharetra
1414 1370 1773 1463 percussit
1831 1388 1998 1443 eam
2051 1368 2124 1441 in
2177 1377 2517 1462 pectore3
2571 1387 2664 1441 ex
2717 1385 2868 1461 quo

531 1488 772 1563 Venus
822 1509 1128 1563 accensa
1180 1508 1462 1582 amore,
1515 1489 1673 1562 viso
1721 1488 1974 1562 Adone
2023 1488 2549 1562 formosissimo
2589 1489 2869 1582 juvene

530 1608 673 1683 filio
698 1609 1012 1705 Myrrhae
1062 1608 1408 1682 ardenter
1458 1607 1827 1682 adamavit
1878 1607 2110 1701 illum,
2148 1628 2371 1700 quem
2415 1607 2868 1703 finaliter-la-

528 1727 809 1801 niatum
861 1728 954 1801 ab
995 1748 1175 1822 apro
1216 1728 1463 1801 Venus
1495 1727 1856 1801 convertit
1889 1727 1965 1799 in
1998 1728 2283 1801 florem.
2319 1726 2529 1801 Modo
2568 1727 2661 1801 ad
2694 1747 2869 1821 pro-

533 1848 872 1943 positum,
908 1856 990 1920 ut
1030 1847 1274 1924 videas
1310 1855 1670 1942 quantum
1710 1848 2160 1943 comparatio
2202 1847 2293 1920 sit
2331 1848 2618 1941 decem,
2657 1853 2868 1941 poeta

530 1970 688 2043 vult
721 1968 965 2042 dicere
1002 1967 1196 2060 quod
1248 1967 1436 2041 sicut
1469 1969 1739 2060 VenuS‚
1777 1987 1946 2060 quae
1982 1966 2247 2041 dicitur
2294 1976 2529 2042 mater
2572 1968 2868 2060 amoriS‚

531 2093 640 2161 est
689 2087 781 2161 de
830 2106 912 2161 se
961 2106 1253 2181 semper
1304 2088 1559 2182 pulcra
1610 2094 1682 2162 et
1732 2107 2015 2180 amam,
2055 2094 2301 2161 tamen
2355 2107 2701 2181 percussa
2751 2108 2871 2161 sa-

530 2208 724 2304 gipta
779 2207 898 2281 filii
963 2207 1114 2280 visa
1174 2214 1284 2281 est
1345 2206 1502 2281 fieri
1561 2208 1886 2301 pulcrior
1945 2212 2019 2281 et
2071 2208 2469 2300 amantior3
2523 2206 2623 2281 ita
2675 2226 2871 2280 nunc

530 2328 823 2402 domina
873 2327 1009 2401 ista
1060 2333 1272 2421 capta
1319 2347 1578 2402 amore
1628 2334 1863 2423 poetae
1899 2328 2023 2421 qui
2059 2328 2330 2422 placuit
2379 2327 2511 2400 sibi
2549 2347 2695 2400 non
2732 2325 2872 2399 mi-

534 2467 672 2520 nus
724 2467 948 2539 quam
1002 2446 1267 2522 Adonis
1317 2447 1606 2541 Veneri,
1661 2447 1834 2540 quia
1889 2468 2159 2543 magno
2221 2448 2473 2522 labore
2536 2468 2666 2541 per
2726 2447 2873 2542 syl-

533 2586 703 2639 vam
758 2566 1097 2640 tendebat
1137 2566 1231 2641 ad
1265 2566 1818 2660 acquisitionem
1857 2566 2169 2658 virtutis,
2205 2567 2359 2641 visa
2394 2572 2503 2640 est
2543 2566 2679 2639 sibi
2713 2565 2872 2639 fieri

532 2684 856 2778 pulcrior
890 2692 963 2759 et
995 2686 1636 2781 amantior,·quam
1672 2694 1862 2761 esset
1896 2686 2155 2781 primo.
2194 2686 2377 2760 Dicit
2411 2707 2591 2782 ergo
2625 2691 2869 2782 poeta:

537 2810 694 2879 Non
744 2807 955 2878 credo
1005 2808 1127 2879 che
1173 2814 1365 2880 tanto
1400 2810 1603 2899 lame,
1638 2807 1842 2901 idest,
1879 2812 2078 2880 tanta
2115 2806 2432 2900 claritas,
2482 2808 2875 2898 splendesse

532 2933 707 3000 sotto
759 2930 820 3000 le
866 2929 1089 3018 ciqlie,
1141 2927 1433 3019 scilicet,
1484 2927 1558 2999 in
1609 2927 1864 3020 oculis,
1933 2948 1982 2999 a
2046 2933 2300 2999 Venere
2357 2929 2648 3019 crafitm,
2698 2945 2871 2998 cum

534 3046 809 3142 sagipta
860 3065 1114 3139 aurea,
1167 3048 1295 3118 dal
1331 3048 1557 3138 fiyliO,
1608 3046 1901 3141 scilicet,
1953 3047 2327 3140 Cupidine,
2367 3052 2536 3141 suor
2587 3049 2662 3118 di
2710 3052 2876 3118 mtto

533 3187 659 3239 suo
707 3174 1043 3259 costume;
1094 3165 1268 3259 quia
1322 3167 1513 3240 ultra
1565 3166 1859 3240 solitum
1915 3166 2274 3240 transfixit
2315 3186 2444 3241 cor
2481 3166 2641 3241 eius
2674 3166 2877 3260 plus·-

536 3304 759 3380 quam
810 3285 1041 3360 soleat
1088 3284 1268 3360 alios
1318 3287 1736 3360 vulnerare.
1790 3286 1879 3360 Et
1939 3286 2128 3360 bene
2187 3285 2356 3360 dicit
2417 3286 2589 3380 quia
2642 3286 2875 3358 multo

538 3405 964 3480 luminosior
1030 3412 1141 3480 est
1209 3426 1422 3479 amor
1497 3406 1781 3480 virtutis
1844 3408 2171 3482 honestae
2239 3427 2465 3501 quam
2534 3424 2876 3481 venereae

539 3526 948 3621 voluptatiS,
985 3534 1676 3621 quantumcumque
1714 3528 1987 3602 femina
2023 3527 2464 3622 pulcerrima
2518 3527 2874 3602 videatur.

537 3646 625 3718 Et
674 3645 915 3719 subdit
965 3652 1213 3719 actum
1256 3646 1465 3721 dictae
1506 3647 1845 3739 dominae,
1882 3647 2166 3722 dicens:
2207 3651 2370 3740 ella,
2403 3647 2695 3742 scilicet,
2727 3649 2878 3721 Ma-

538 3765 795 3858 thildis,
846 3767 1076 3857 ridea,
1127 3765 1301 3859 quia
1352 3766 1759 3841 delectatur
1791 3758 1863 3858 (¹)
1934 3766 2009 3839 in
2076 3787 2303 3861 opere
2352 3767 2665 3862 virtutis,
2717 3769 2879 3841 dal-

539 3886 781 3958 l'altra
813 3886 976 3957 riva
1006 3888 1248 3976 dritta,
1275 3905 1366 3959 ex
1404 3885 1733 3980 opposito
1768 3885 1937 3979 mei,
1970 3892 2052 3958 ut
2083 3880 2370 3981 possem
2403 3893 2602 3961 recte
2628 3886 2879 3961 videre

540 4003 861 4077 studium
915 4003 1095 4096 eiuS,
1142 4005 1438 4077 craendo
1464 4001 1589 4097 pi&
1621 4008 1868 4096 colori,
1905 4004 2108 4099 idest,
2146 4006 2362 4080 flores
2412 4005 2875 4079 diversorum

539 4124 895 4217 colorum,
947 4144 1079 4196 con
1128 4127 1191 4196 le
1239 4145 1358 4197 sue
1409 4129 1627 4216 mani,
1677 4129 1822 4217 che,
1874 4125 2079 4220 idest,
2135 4146 2321 4221 quos
2380 4127 2619 4219 flores,
2674 4128 2882 4197 l’alla

541 4249 761 4333 tara,
812 4263 960 4335 qua
1012 4245 1211 4317 nulla
1263 4251 1371 4318 est
1422 4245 1659 4339 altior,
1711 4266 1932 4319 senza
1979 4268 2163 4321 seme
2210 4251 2409 4339 qiua,
2459 4246 2664 4342 idest,
2707 4267 2883 4341 pro-

540 4363 762 4437 ducit.
790 4403 887 4416 —
922 4369 1072 4437 Tre.
1125 4365 1255 4440 Hic
1316 4373 1527 4461 poeta
1587 4368 1899 4442 ostendit
1960 4368 2396 4443 immensam
2460 4367 2881 4442 aviditatem

664 4620 722 4687 (¹)
754 4623 816 4673 Β.
850 4623 1221 4677 delectabatur.
