3734 5567
1319 504 1601 560 currus
1649 505 1974 560 marius.
2679 495 2821 563 373

477 656 740 727 ch’una
768 654 965 745 fansi
996 656 1234 723 nostre
1268 652 1518 740 voque,
1555 672 1702 724 una
1730 644 1803 742 (¹)
1841 650 2122 727 unitate
2161 653 2589 727 concordiae.
2627 653 2825 727 Bene

479 795 661 871 ergo
713 773 883 847 dicit
934 772 1230 846 Boetius
1282 770 1354 843 in
1408 770 1592 844 libro
1644 771 1738 845 de
1790 771 2062 867 regulis
2115 770 2304 866 fidei,
2347 773 2546 866 quod
2597 772 2825 847 sancti
2946 823 2951 826 ψ

479 895 552 968 in
606 894 722 967 illa
770 892 1005 990 gloria
1057 895 1277 965 erunt
1324 888 1596 964 astricti
1644 896 1844 964 tanto
1880 892 2201 965 caritatis
2235 893 2531 987 affectu,
2568 899 2650 966 ut
2687 892 2826 966 mi-

483 1013 728 1087 nimus
780 1011 850 1084 in
907 1010 1230 1084 maximo
1280 1009 1592 1106 gloriam
1647 1031 1859 1084 suam
1896 1011 1970 1083 in
2013 1017 2293 1085 tantum
2337 1032 2498 1086 esse
2547 1012 2826 1109 gaude-

484 1135 611 1227 bit,
664 1153 752 1207 ac
800 1132 859 1205 si
914 1138 1194 1205 tantum
1253 1131 1557 1226 ipsemet
1606 1121 1988 1205 obtineret.
2042 1131 2229 1218 Quid
2283 1132 2604 1204 mirum?
2654 1153 2827 1206 cum

486 1253 684 1327 Deus
733 1271 1027 1325 summa
1076 1250 1363 1345 carium,
1414 1270 1706 1323 summa
1742 1250 2092 1345 sapientia
2131 1250 2203 1323 in
2238 1251 2406 1345 ipsis
2441 1251 2555 1346 sit,
2590 1259 2666 1326 et
2698 1251 2830 1346 ipsi

485 1371 558 1444 in
609 1372 784 1445 Deo.
837 1373 918 1444 ln
971 1371 1123 1466 ipso
1173 1369 1529 1463 siquidem
1586 1390 1817 1465 regno
1871 1370 2243 1444 habebunt
2297 1372 2530 1445 Deum
2591 1371 2828 1467 ipsum

487 1492 900 1587 praemium,
931 1511 1153 1583 quem
1190 1494 1548 1584 perpetuo
1583 1488 1766 1562 facie
1801 1489 1895 1563 ad
1929 1490 2187 1565 faciem
2225 1490 2832 1585 contemplabun-

487 1620 647 1707 tur3
676 1619 751 1688 et
776 1632 945 1705 quae
983 1630 1177 1684 nunc
1211 1630 1342 1705 per
1378 1610 1758 1705 speculum
1797 1609 1873 1683 in
1910 1610 2301 1706 aenigmate
2337 1611 2832 1706 imaginantur

488 1734 729 1808 divina
781 1738 1088 1823 secreta,
1127 1738 1304 1805 tunc
1356 1729 1803 1824 plenitudine
1836 1730 2155 1804 scientiae
2188 1730 2828 1826 comprehendent.

491 1854 578 1926 Et
627 1852 993 1926 concludit
1042 1851 1378 1925 Boetius:
1428 1850 1882 1925 Erubescant
1932 1849 2152 1946 igitur
2205 1851 2655 1925 Machomitae
2707 1850 2834 1943 qui

492 1972 964 2046 mulierculas
1014 1977 1089 2044 et
1142 1969 1306 2042 miri
1345 1970 1625 2063 saporis
1659 1989 1922 2044 carnes
1964 1968 2254 2043 delicias
2297 1969 2632 2044 bestiales
2684 1976 2836 2043 ter-

495 2112 709 2166 renas
763 2112 906 2165 non
959 2091 1317 2181 coelesteS,
1354 2090 1680 2184 corporis
1722 2109 1869 2162 non
1910 2088 2175 2163 animae
2220 2089 2835 2163 resurrectionem

492 2203 1171 2306 promittunt—Si
1236 2212 1375 2282 che.
1445 2209 1574 2283 llic
1634 2209 1988 2282 Picharda
2054 2207 2249 2282 addit
2306 2208 2401 2282 ad
2466 2208 2836 2304 praedicta,

493 2331 688 2425 quod
742 2332 874 2405 ista
927 2351 1235 2405 concors
1285 2337 1361 2404 et
1414 2330 1615 2403 unita
1670 2330 2004 2404 voluntas
2040 2349 2185 2402 non
2221 2329 2460 2402 solum
2505 2336 2613 2403 est
2649 2329 2840 2403 inter

494 2473 622 2527 eos
672 2452 746 2524 iu
795 2452 914 2525 illa
965 2471 1176 2545 spera
1231 2449 1551 2524 inferiori
1604 2450 1821 2544 lunae,
1875 2450 1999 2524 sed
2052 2451 2272 2525 etiam
2326 2450 2515 2524 inter
2581 2469 2839 2524 omnes

495 2593 628 2668 per
678 2592 929 2665 speras
979 2572 1413 2664 superiores
1467 2570 1672 2645 Unde
1721 2571 1929 2646 dicit:
1992 2564 2067 2645 Si
2114 2573 2233 2643 che
2290 2592 2482 2643 come
2528 2572 2650 2643 noi
2695 2589 2839 2641 sem

496 2695 572 2765 di
616 2694 844 2782 soylia
890 2693 966 2763 in
1012 2692 1263 2781 soylia,
1313 2689 1515 2784 idest,
1551 2689 1644 2763 de
1677 2690 1913 2785 gradu
1950 2690 2020 2762 in
2064 2689 2407 2786 gradum,
2431 2710 2567 2781 per
2601 2693 2836 2780 questo

493 2833 741 2903 reynO,
793 2811 997 2902 idest,
1051 2830 1183 2904 per
1233 2830 1491 2883 omnes
1533 2830 1782 2904 speras
1822 2810 2209 2904 coelorum,
2238 2812 2440 2902 piace
2489 2830 2538 2881 a
2588 2814 2754 2882 tutto
2788 2808 2845 2879 il

492 2952 742 3022 reqvw,
795 2930 998 3023 idest,
1049 2929 1391 3003 omnibus
1443 2929 1825 3025 regnicolis
1878 2929 2130 3023 beatis,
2179 2950 2370 3001 come
2418 2931 2496 3001 al
2540 2949 2648 3019 re,
2698 2927 2841 3000 sci-

498 3052 683 3144 licet,
734 3056 1039 3141 aeterno,
1089 3052 1209 3123 che
1231 3052 1303 3122 'n
1349 3070 1480 3122 suo
1531 3052 1724 3122 volet·
1770 3072 1860 3123 ne
1893 3052 2228 3142 ἠυοῃῖὶα,
2265 3049 2468 3141 idest,
2511 3048 2844 3124 accendit

497 3191 632 3244 nos
680 3177 756 3244 et
802 3169 1082 3243 animat
1131 3170 1204 3242 in
1256 3189 1468 3243 suam
1523 3171 2002 3244 voluntatem.
2056 3171 2141 3243 Et
2192 3169 2595 3245 concludit:
2644 3171 2720 3241 in
2772 3171 2846 3241 la

498 3311 630 3363 sua
664 3293 1009 3365 voluntale
1058 3286 1099 3365 e*
1141 3297 1391 3362 nostra
1420 3312 1628 3382 pace,
1662 3290 1868 3384 idest,
1906 3291 2256 3384 quietatio
2292 3297 2365 3366 et
2399 3290 2846 3365 contentatio

499 3409 759 3482 animi:
811 3431 1025 3484 amor
1074 3409 1270 3485 enim
1325 3416 1603 3502 quanto
1669 3417 1780 3484 est
1838 3409 2145 3484 diffusus
2197 3411 2271 3483 in
2321 3411 2591 3505 plureS,
2642 3415 2846 3483 tanto

501 3538 612 3606 est
664 3530 898 3604 maior
947 3536 1023 3604 et
1085 3530 1497 3624 perfectior,
1552 3530 1724 3623 quia
1790 3530 1887 3603 illi
1956 3532 2204 3625 plures
2268 3531 2692 3605 reseruntur
2753 3529 2847 3605 ad

504 3672 766 3743 unum,
814 3650 1085 3723 scilicet
1131 3651 1405 3742 Deum3
1460 3649 1657 3724 unde
1704 3650 1908 3724 dicit:
1972 3653 2132 3743 ella,
2182 3650 2453 3724 scilicet
2510 3651 2848 3725 voluntas

501 3771 768 3863 divina,
822 3767 865 3845 e*
908 3773 1066 3861 quel
1123 3791 1345 3862 mare,
1404 3770 1694 3865 scilicet,
1750 3791 2130 3867 magnum,
2197 3773 2276 3843 al
2332 3773 2502 3863 qual
2562 3778 2729 3844 tutto
2786 3773 2852 3843 si

501 3911 748 3965 muove
779 3881 888 3962 σίὸ
919 3891 1173 3963 οΙιέΙΙα
1205 3893 1384 3983 cria,
1425 3911 1520 3965 ex
1559 3890 1780 3964 nihilo
1817 3891 2004 3965 sicut
2038 3890 2280 3987 angeli
2313 3897 2388 3964 et
2421 3888 2687 3996 animae
2724 3910 2848 3963 ra-

505 4013 827 4105 tionales,
880 4033 917 4083 e
964 4013 1084 4084 che
1140 4018 1403 4084 natura
1458 4015 1641 4104 sace,
1696 4011 1898 4104 idest,
1952 4010 2288 4105 producit
2348 4031 2481 4105 per
2531 4030 2849 4108 genera-

504 4130 800 4204 tionem.
855 4130 943 4203 Et
994 4130 1107 4205 hic
1159 4138 1329 4205 nota
1384 4138 1744 4224 quantum
1808 4131 2203 4206 similitudo
2263 4131 2488 4205 maris
2538 4131 2629 4205 sit
2676 4152 2848 4228 pro-

505 4249 698 4343 pria:
751 4248 936 4323 sicut
987 4251 1180 4324 enim
1236 4271 1497 4326 omnes
1544 4272 1761 4345 aquae
1813 4253 2084 4327 habent
2122 4261 2370 4327 ortum
2425 4274 2470 4327 a
2523 4254 2732 4349 mari,
2775 4261 2851 4330 et

507 4373 986 4441 revertuntur
1035 4369 1125 4442 ad
1178 4370 1352 4444 illud
1404 4376 1478 4445 et
1531 4391 1739 4446 mare
1790 4393 1936 4446 non
1992 4373 2399 4468 redundat3
2452 4374 2549 4449 ita
2600 4375 2848 4451 omnia

627 4625 683 4687 (¹)
716 4630 763 4687 4,
798 4625 945 4686 idest,
977 4640 1096 4678 uua.
