3734 5567
1355 509 1633 565 CANTUS
1682 510 2008 565 TERTIUS.
2714 504 2859 571 375

514 658 771 752 telam3
824 663 898 732 et
950 657 1168 730 telam
1225 660 1439 729 vocat
1487 654 1715 748 ipsam
1753 653 2161 728 orationem
2205 673 2374 748 quae
2409 656 2685 731 texitur
2717 657 2858 730 lin-

511 798 683 875 gua.
711 780 1163 870 —Perfeltw
1214 774 1424 848 Nunc
1473 773 1743 847 Dantes
1783 772 1986 867 ponit
2018 772 2429 848 orationem
2481 775 2706 870 ipsius
2740 775 2860 851 Pi-

511 897 829 990 cbardae‚
863 917 1031 991 quae
1071 894 1312 991 primo
1347 892 1803 968 laudabiliter
1837 892 2176 967 describit
2212 894 2501 968 beatam
2542 897 2860 991 Claram,

513 1018 727 1092 cuius
779 1018 1110 1114 regulam
1165 1015 1317 1109 ipsa
1368 1014 1789 1088 intraverat.
1843 1013 1930 1085 Et
1979 1013 2072 1087 ad
2123 1014 2397 1088 claram
2452 1015 2864 1114 intelligen-

519 1140 691 1214 tiam
744 1138 950 1212 istius
979 1130 1052 1231 (¹)
1107 1135 1336 1210 literae
1387 1141 1499 1208 est
1546 1133 2103 1229 praesciendum,
2148 1134 2345 1228 quod
2397 1136 2610 1211 beata
2646 1137 2861 1212 Clara

517 1259 813 1333 nomine
863 1264 940 1331 et
989 1276 1095 1351 re,
1148 1255 1322 1348 quia
1375 1253 1658 1351 magnis
1713 1253 2105 1328 virtutibus
2152 1255 2438 1349 claruit,
2489 1256 2624 1330 fuit
2683 1276 2866 1332 con-

517 1387 860 1455 terranea
909 1384 982 1452 et
1033 1384 1651 1471 contemporanea
1702 1375 1896 1449 beati
1956 1375 2340 1470 Francisci,
2392 1376 2551 1451 eius
2601 1378 2862 1454 dilecta

515 1507 592 1575 et
638 1499 926 1592 devota,
980 1518 1150 1592 quae
1200 1498 1273 1570 in
1322 1495 1665 1570 omnibus
1719 1495 1910 1569 illius
1958 1496 2260 1592 vestigia
2298 1497 2525 1572 voluit
2566 1498 2861 1595 imitari,

515 1621 590 1695 in
642 1626 1093 1715 paupertate,
1129 1617 1456 1709 caritate,
1502 1616 1931 1711 humilitate,
1972 1615 2388 1712 sobrietate,
2429 1618 2748 1712 puritate
2788 1628 2869 1695 et

518 1740 994 1836 simplicitate.
1024 1741 1196 1812 Haec
1231 1757 1556 1830 namque
1580 1736 2070 1810 sacratissima
2097 1744 2170 1812 et
2197 1737 2595 1813 clarissima
2632 1740 2867 1837 virgo,

520 1859 947 1934 haereditate
995 1858 1313 1952 vendita,
1364 1856 1458 1931 de
1520 1855 1753 1950 pretio
1784 1846 1859 1947 (²)
1916 1856 2086 1930 nibil
2157 1876 2568 1954 reservanS,
2628 1867 2864 1936 totum

523 1980 966 2077 pauperibus
1017 1979 1393 2074 erogavit3
1446 1984 1522 2052 et
1568 1997 1904 2051 amorem
1958 1997 2130 2051 cum
2196 1986 2626 2073 paupertate
2689 2001 2869 2057 con·-

524 2099 765 2193 traxit,
820 2106 901 2172 ut
952 2097 1125 2171 nihil
1180 2104 1445 2192 praeter
1494 2096 1732 2171 Deum
1788 2096 2062 2172 babere
2112 2098 2350 2191 vellet,
2405 2091 2675 2193 nihil(³)
2732 2102 2867 2174 nisi

521 2217 1016 2294 necessarium
1072 2217 1588 2291 vestimentum
1627 2222 1701 2289 et
1744 2215 2018 2289 victum
2066 2218 2524 2310 permitteret
2572 2240 2616 2293 a
2659 2240 2871 2294 soro-

523 2339 726 2412 ribus
776 2337 1019 2432 recipi.
1073 2339 1162 2410 Et
1210 2357 1384 2410 cum
1436 2335 1834 2430 Gregorius
1895 2336 1991 2408 IX
2050 2336 2268 2411 vellet
2326 2337 2555 2432 ipsam
2626 2339 2872 2413 absol-

527 2477 703 2532 vere
750 2476 796 2529 a
847 2463 1018 2530 voto
1061 2463 1208 2530 tam
1253 2462 1477 2530 arctae
1511 2455 1983 2549 paupertatiS‚
2029 2456 2396 2550 respondit
2433 2459 2583 2532 alto
2617 2459 2869 2533 animo

530 2575 737 2671 virgo
786 2576 1160 2670 praeclara,
1213 2597 1292 2651 se
1343 2575 1530 2649 velle
1580 2575 1854 2648 absolvi
1908 2595 1953 2648 a
2004 2575 2338 2669 peccatiS,
2393 2597 2540 2650 non
2592 2599 2636 2651 a
2691 2598 2871 2651 con-

529 2694 700 2769 siliis
763 2694 931 2770 Jesu
1004 2695 1288 2769 Christi.
1359 2693 1680 2791 Tegebat
1754 2694 1978 2790 igitur
2047 2694 2528 2769 tenerrimum
2600 2717 2871 2791 corpu-

529 2816 815 2890 sculum
871 2814 1123 2910 simpla
1177 2813 1501 2888 tunicula
1563 2822 1637 2888 et
1690 2812 1807 2887 vili
1853 2813 2180 2908 palliolo:
2241 2812 2313 2887 in
2379 2815 2577 2889 nuda
2638 2817 2870 2891 humo

529 2955 722 3031 saepe
783 2957 1004 3030 super
1071 2941 1443 3009 sarmenta
1493 2933 1809 3029 jacebat,
1862 2941 1938 3006 et
1989 2933 2347 3007 nodosum
2401 2934 2717 3009 cilicium
2773 2957 2863 3011 ex

527 3057 685 3152 pilis
719 3056 1173 3131 camelorum
1226 3054 1587 3149 portabat,
1624 3053 1756 3127 etsi
1794 3053 2185 3146 aliquando
2238 3054 2529 3128 mollius
2580 3076 2715 3129 usa
2766 3063 2877 3131 est

530 3196 741 3249 sacco
791 3176 1196 3270 palearum.
1234 3176 1418 3249 Cum
1475 3180 1725 3248 autem
1779 3173 1988 3247 furor
2038 3174 2380 3250 Friderici
2420 3177 2502 3269 ΙΙ,
2537 3176 2662 3270 qui
2701 3184 2878 3251 tunc

531 3293 847 3369 vexabat
881 3314 1265 3368 romanam
1302 3292 1682 3368 ecclesiam
1723 3293 2124 3367 induxisset
2163 3313 2555 3369 saracenos
2588 3295 2681 3370 de
2720 3297 2875 3370 Nu-

529 3414 728 3492 ceria
782 3435 1017 3507 usque
1067 3414 1439 3507 Assisium,
1476 3414 1634 3487 haec
1673 3414 2028 3508 praeclara
2081 3414 2313 3510 virgo,
2357 3415 2690 3490 invocata
2732 3416 2878 3492 Re·

529 3534 704 3632 gina
758 3534 1150 3631 virginum,
1205 3534 1735 3608 monasterium
1804 3555 2023 3608 suum
2091 3556 2136 3609 a
2196 3536 2687 3610 barbarorum
2741 3556 2879 3610 sae-

531 3655 706 3730 vitia
773 3643 1134 3728 liberavit
1174 3661 1249 3728 et
1315 3654 1681 3729 civitatem
1753 3655 1846 3728 ab
1913 3655 2307 3730 obsidione.
2380 3655 2874 3754 Quadraginta

531 3775 822 3850 duobus
871 3774 1079 3848 annis
1132 3775 1287 3848 baec
1337 3774 1546 3871 virgo
1597 3795 1907 3849 currens
1948 3775 2021 3847 in
2063 3776 2316 3868 stadio,
2358 3777 2648 3851 tandem
2704 3778 2877 3851 bra-

533 3896 734 3971 vium
788 3894 1255 3969 beatitudinis
1306 3901 1417 3968 est
1465 3895 1761 3990 adepta:
1813 3894 1934 3969 cui
1995 3894 2326 3969 redeunti
2388 3895 2479 3970 ad
2540 3895 2880 3990 patriam,

531 4013 808 4111 Regina
842 4015 1279 4111 angelorum
1337 4035 1606 4110 magna
1658 4014 1878 4088 turba
1930 4013 2298 4111 virginum
2352 4015 2697 4089 comitata
2748 4037 2877 4090 oc·—

533 4134 789 4227 currit,
840 4140 913 4207 et
964 4154 1101 4208 suo
1149 4135 1466 4228 suscepit
1507 4134 1577 4206 in
1611 4134 1937 4229 gremio:
1977 4154 2200 4227 quam
2238 4133 2648 4209 Alexander
2681 4136 2769 4209 lV
2800 4125 2876 4228 (⁸)

538 4257 832 4346 propter
883 4253 1240 4327 virtutum
1298 4253 1557 4328 merita
1610 4259 1685 4326 et
1736 4253 2270 4327 miraculorum
2320 4274 2588 4351 magna
2639 4257 2883 4350 prodi—

535 4371 656 4468 gia
707 4379 1128 4445 sanctorum
1183 4374 1516 4468 catalogo
1562 4373 1794 4447 libens
1841 4373 2236 4468 adscripsit.
2295 4376 2505 4449 Nunc
2563 4375 2657 4449 ad
2724 4377 2884 4452 lite-

659 4559 713 4620 (¹)
743 4559 795 4609 S.
829 4560 984 4610 buius
1018 4562 1199 4613 literas.
1726 4562 1785 4625 (⁸)
1819 4567 1864 4620 t,
1900 4564 2070 4626 prelio
2101 4565 2194 4613 sibi
2229 4565 2376 4615 nihil.

663 4633 717 4698 (⁸)
748 4635 809 4685 Β.
843 4640 898 4685 et
929 4637 1071 4688 nibil.
1727 4637 1783 4700 (⁶)
1815 4638 1877 4688 E.
1910 4645 2127 4703 quartus
2159 4653 2286 4703 papa
2321 4645 2550 4704 propter.
