3734 5567
898 510 1041 576 358
1680 517 2090 573 coMENTUM
2138 517 2474 570 PAnAmsl

896 666 1251 740 mendans
1318 663 1650 738 ordinem
1719 662 2004 752 datum,
2069 668 2143 736 et
2200 662 2446 737 dicens
2472 655 2583 754 ('):
2656 664 3019 754 Riyuarda
3077 665 3244 736 bene

894 809 945 860 a
978 808 1086 859 me
1132 778 1192 858 si
1241 787 1510 857 com’io
1560 785 1771 874 vade,
1807 783 2011 875 idest,
2056 782 2372 876 qualiter
2422 782 2785 878 gradatim
2828 788 2901 856 et
2935 782 3240 858 strictim

893 905 1234 1003 procede,
1300 908 1378 977 al
1438 924 1561 975 ver
1626 906 1745 975 che
1810 909 1880 976 tu
1947 904 2186 992 des-iri,
2237 901 2444 995 idest,
2502 901 2594 976 ad
2662 901 3239 998 investigandam

893 1027 1278 1102 veritatem
1335 1044 1561 1118 quam
1612 1023 1800 1097 scire
1850 1022 2239 1097 desideras,
2293 1023 2380 1095 Et
2429 1022 2670 1096 subdit
2730 1022 2926 1116 quod
2979 1023 3080 1097 ita
3128 1024 3243 1096 in-

892 1145 1292 1241 telligentia
1359 1150 1708 1239 operatur
1768 1143 2116 1218 virtutem
2182 1141 2550 1218 mediante
2609 1163 2890 1237 organo
2940 1144 3105 1218 coeli
3140 1135 3242 1238 (²),

893 1266 1082 1341 sicut
1154 1265 1357 1339 faber
1432 1271 1670 1338 artem
1743 1262 2112 1338 mediante
2179 1262 2445 1337 malleo
2514 1262 3002 1337 instrumento
3063 1284 3239 1357 suo;

895 1384 1093 1459 unde
1142 1383 1355 1460 dicit:
1411 1387 1479 1458 lo
1529 1390 1715 1456 moto
1765 1405 1804 1455 e
1853 1386 1926 1456 la
1976 1377 2158 1457 virle)
2207 1385 2313 1455 de'
2351 1385 2540 1455 sanci
2594 1385 2763 1474 piri,
2829 1383 3033 1478 idest,
3085 1404 3240 1457 coe-

775 1555 780 1558 -
894 1505 1137 1580 lorum
1203 1504 1754 1600 praedictorum,
1815 1506 2106 1576 convien
2165 1505 2283 1575 elce
2339 1506 2551 1595 spiri,
2611 1504 2794 1577 idest
2859 1512 3110 1578 manet
3169 1513 3242 1578 et

890 1626 1258 1721 procedat,
1318 1627 1436 1700 da’
1475 1627 1655 1698 beati
1712 1627 1994 1715 motori,
2045 1623 2249 1718 idest,
2313 1623 2407 1697 ab
2472 1623 2954 1720 intelligentiis
3015 1646 3241 1723 ange-

891 1746 1067 1841 licis,
1118 1768 1311 1819 come
1360 1749 1404 1820 Γ
1431 1752 1611 1836 arce,
1673 1744 1950 1840 supple,
2003 1741 2249 1838 spirat,
2302 1745 2417 1816 del
2457 1745 2673 1837 fabro
2723 1747 2839 1817 nel
2896 1748 3234 1820 martello.

890 1864 1154 1939 —E’l
1198 1869 1340 1939 ciel.
1393 1866 1524 1940 Hic
1573 1863 1866 1939 Beatrix
1939 1863 2014 1936 in
2076 1863 2366 1958 speciali
2424 1863 2764 1938 describit
2834 1864 3241 1962 intelligen-

894 1986 1069 2060 tiam
1123 1991 1547 2060 moventem
1612 1985 1888 2058 coelum
1966 1983 2342 2058 stellarum
2379 1974 2452 2075 (³)
2520 1992 2592 2059 et
2656 1983 2815 2059 eius
2867 1986 3239 2079 virtutem,

891 2106 1184 2180 dicens:
1256 2110 1321 2177 E
1355 2107 1407 2177 ’l
1467 2106 1617 2196 ciel,
1692 2103 1907 2196 idest,
1977 2102 2558 2196 firmamentum,
2632 2109 2743 2178 cui
2809 2108 2983 2178 tanti
3049 2107 3240 2195 lumi,

889 2225 1097 2316 idest,
1148 2223 1373 2297 stellae
1421 2221 1829 2315 luminosae,
1874 2227 2105 2316 fanno
2139 2223 2337 2314 belle,
2382 2224 2555 2318 quia
2596 2224 2836 2299 sidera
2870 2230 3040 2299 sunt
3072 2225 3241 2319 pul-

892 2342 1213 2417 cerrima
1281 2347 1718 2417 ornamenta
1785 2341 1974 2436 coeli,
2030 2344 2303 2435 prende
2374 2346 2419 2416 l'
2445 2346 2700 2436 imaye,
2780 2344 2985 2437 idest,
3049 2343 3240 2416 ima-

889 2462 1172 2559 ginem,
1241 2462 1548 2558 scilicet,
1627 2463 2182 2558 impressionem
2252 2470 2325 2537 et
2393 2464 2778 2558 virtutem,
2853 2486 2892 2536 e
2959 2467 3239 2557 fassene

886 2586 1224 2673 suqquO,
1279 2582 1450 2677 quia
1517 2603 1728 2656 more
1790 2582 1997 2678 sigilli
2068 2582 2420 2677 imprimit
2483 2583 2556 2656 in
2620 2583 2989 2678 inferiora,
3041 2586 3240 2657 dalla

889 2711 1110 2777 mente
1153 2706 1542 2797 profonda,
1583 2702 1787 2797 idest,
1823 2702 2296 2799 intelligentia
2330 2710 2698 2798 movente,
2736 2707 2854 2778 elce
2887 2708 3085 2779 volve
3118 2707 3236 2795 lui,

888 2822 1094 2918 idest,
1133 2831 1404 2898 movet.
1452 2824 1539 2895 Et
1573 2823 1899 2897 declarat
1933 2822 2130 2916 quod
2182 2822 2361 2896 dixit
2410 2843 2544 2919 per
2594 2823 2914 2898 nobilem
2959 2830 3032 2899 et
3072 2844 3243 2920 pro—

888 2944 1123 3037 priam
1195 2942 1860 3038 comparationem,
1929 2941 2216 3036 dicenS,
2269 2942 2467 3036 quod
2538 2944 2697 3018 talis
2766 2943 3239 3040 intelligentia

888 3067 1239 3157 operatur
1289 3063 1363 3135 in
1414 3062 1597 3136 orbe
1647 3062 1836 3135 sicut
1887 3061 2133 3134 anima
2182 3061 2256 3134 in
2308 3083 2661 3157 corpore3
2714 3070 2791 3137 et
2841 3063 3017 3156 quia
3067 3083 3238 3138 sen-

888 3182 1114 3255 tentia
1163 3182 1361 3255 clara
1414 3188 1546 3275 est,
1599 3181 1761 3255 ideo
1812 3181 2070 3256 ordina
2120 3182 2362 3255 solum
2415 3183 2706 3257 literam
2758 3183 2895 3257 sic:
2938 3206 2977 3256 e
3015 3186 3089 3256 la
3130 3187 3240 3256 in-

888 3303 1278 3392 telliyenza,
1314 3299 1604 3394 scilicet,
1643 3306 1886 3374 motor
1939 3300 2143 3374 istius
2194 3307 2475 3376 octavae
2526 3321 2782 3397 sperae,
2821 3306 3133 3393 girando
3165 3297 3243 3376 se*

886 3441 1107 3512 sopra
1154 3441 1287 3493 sua
1334 3423 1615 3513 unitate,
1675 3421 1881 3513 idest,
1933 3441 2157 3515 supra
2206 3440 2524 3516 speram,
2568 3422 2641 3496 in
2676 3443 2825 3516 qua
2859 3422 3063 3497 unita
3099 3430 3233 3516 est,

887 3540 1004 3614 vel
1056 3561 1278 3635 supra
1330 3560 1410 3615 se
1458 3560 1710 3635 unam,
1778 3541 1952 3635 quia
2014 3561 2094 3615 se
2155 3539 2228 3614 in
2287 3560 2369 3616 se
2433 3547 2751 3638 regyrat,
2812 3546 3054 3634 spieya
3103 3564 3235 3616 sua

888 3661 1186 3753 bontate,
1254 3661 1456 3755 idest,
1527 3660 1836 3756 explicat
1900 3682 2113 3735 suam
2173 3662 2549 3757 virtutem,
2603 3666 3051 3756 molciplicala
3102 3685 3236 3757 per

889 3785 949 3855 le
996 3784 1205 3874 stelle,
1255 3781 1461 3876 idest,
1513 3802 1643 3877 per
1704 3803 1956 3877 speras
2014 3788 2090 3856 et
2157 3783 2422 3877 stellaS,
2484 3804 2654 3876 quae
2716 3791 2889 3856 sunt
2956 3805 3233 3880 organa

888 3924 1047 3997 sua,
1097 3895 1240 3976 cosi
1288 3923 1480 3975 come
1528 3904 1573 3974 l'
1591 3904 1810 3993 alma,
1863 3901 2069 3995 idest,
2120 3902 2370 3977 anima
2423 3903 2818 3996 rationalis,
2869 3907 2933 3978 si
2977 3906 3235 3976 risolve

890 4043 939 4095 a
977 4025 1248 4096 diverse
1274 4024 1617 4114 potenzie,
1670 4022 1859 4095 sicut
1909 4020 2119 4115 visui,
2173 4021 2454 4095 auditui
2506 4028 2670 4117 etc.,
2712 4026 2958 4097 dentre
3007 4043 3056 4095 a
3106 4027 3249 4095 vo:

887 4148 1043 4215 stra
1085 4144 1315 4234 polve,
1363 4140 1571 4233 idest,
1621 4160 1949 4232 carnem,
1996 4161 2129 4232 per
2179 4142 2492 4214 membra
2554 4146 2917 4236 differenti.
2976 4142 3060 4215 Et
3120 4142 3237 4217 hic

893 4268 1064 4335 nota
1105 4262 1291 4335 bene
1325 4261 1523 4355 quod
1559 4260 2048 4356 multiplicitas
2083 4281 2533 4357 organorum
2576 4270 2927 4337 causatur
2962 4263 3035 4336 in
3076 4262 3237 4336 aui-

893 4381 1208 4455 malibus
1265 4402 1312 4455 a
1376 4380 1903 4476 multiplicitate
1971 4387 2413 4475 potestatum
2475 4383 2786 4456 animae:
2845 4383 3039 4457 unde
3104 4382 3236 4456 nisi

1015 4641 1071 4706 (¹)
1103 4642 1167 4694 E.
1198 4647 1252 4694 et
1284 4643 1420 4694 dicit.
1670 4640 1725 4706 (²)
1757 4642 1819 4693 E.
1853 4643 2068 4694 coelesti.
2321 4642 2374 4705 (⁸)
2406 4648 2438 4694 4
2467 4657 2498 4695 e
2531 4644 2593 4695 E.
2627 4644 2907 4695 stellatum.
