3734 5567
954 466 1095 532 428
1732 472 2140 528 COMENTUM
2188 472 2524 526 PARAmsl

947 622 1418 697 obsidionem.
1442 658 1539 671 —
1565 620 1689 691 Sai
1736 620 1910 709 quel.
1954 616 2086 691 Hic
2120 616 2566 690 lastinianus
2620 615 2873 709 transit
2924 616 3296 692 narrando

945 743 1038 817 ad
1079 747 1283 838 gesta
1320 737 1971 835 magnificentioria
2007 757 2176 831 quae
2225 738 2414 812 facta
2456 743 2626 810 sunt
2662 741 2820 829 post
2853 737 3284 830 acquisitam

944 862 1379 952 libertatem,
1418 880 1547 953 per
1584 865 1915 952 tempora
1950 857 2362 949 consulum,
2390 876 2559 951 quae
2594 856 3049 930 duraverunt
3097 857 3288 930 ultra

941 980 1510 1076 quadringentos
1535 997 1786 1070 annoS,
1819 982 1894 1050 et
1918 977 2157 1072 primo
2185 977 2415 1072 tangit
2449 976 2597 1049 duo
2624 976 2813 1050 bella
2845 975 3186 1051 terribilia
3201 969 3278 1068 (¹)

944 1102 1266 1175 duorum
1322 1118 1585 1193 regum
1638 1097 2327 1189 valentissimorum,
2369 1117 2693 1189 quorum
2748 1117 2938 1169 unus
2991 1096 3286 1171 veniens

948 1221 1043 1294 ab
1092 1218 1466 1293 occidente
1516 1217 1827 1290 Romam
1873 1215 2253 1309 destruxit,
2291 1216 2476 1289 alter
2515 1215 2611 1288 ab
2645 1214 2929 1289 oriente
2977 1215 3288 1290 Romam

946 1338 1221 1413 afflixit.
1276 1337 1382 1409 Ad
1417 1334 1959 1432 intelligentiam
2004 1335 2220 1430 primi
2255 1342 2366 1408 est
2400 1334 2777 1409 sciendum
2831 1334 3051 1428 quod,
3102 1336 3288 1408 sicut

947 1458 1193 1534 scribit
1248 1457 1494 1530 Livius
1556 1456 1742 1530 libro
1804 1456 1885 1548 V,
1945 1456 2115 1551 galli
2182 1475 2513 1550 senoneS,
2563 1476 2746 1552 gens
2810 1454 3040 1547 ferox,
3099 1455 3286 1530 duce

949 1581 1238 1653 Brenno
1278 1577 1552 1650 ltaliam
1594 1575 1897 1672 ingressi
1934 1582 2485 1670 occupaverunt
2534 1575 2693 1650 loca
2744 1575 2933 1648 inter
2981 1575 3178 1667 alpes
3211 1581 3288 1648 et

950 1699 1268 1790 Padum3
1304 1704 1377 1772 et
1410 1717 1557 1770 non
1592 1695 1911 1771 contenti
1952 1696 2063 1769 his
2099 1696 2400 1769 transito
2437 1694 2810 1789 Apennino
2849 1676 2917 1767 in
2953 1695 3284 1769 Tusciam

947 1819 1379 1894 infestabant
1411 1817 1737 1892 Clusium
1774 1816 2177 1910 civitatem3
2213 1816 2340 1890 sed
2373 1816 2629 1890 offensi
2667 1823 2713 1889 a
2748 1815 3003 1911 legatis
3042 1836 3282 1890 roma-

946 1960 1212 2028 norum
1250 1943 1772 2012 converterunt
1806 1937 2135 2032 furorem
2174 1943 2431 2011 contra
2481 1937 2814 2010 Romam.
2855 1936 2942 2007 Et
2974 1954 3144 2008 cum
3179 1935 3284 2009 di-

945 2058 1369 2154 spersissent
1415 2076 1805 2129 romanum
1851 2056 2260 2130 exercitum
2309 2055 2545 2149 primo
2591 2041 2869 2150 impetu
2918 2054 3282 2130 inordina-

946 2185 1107 2250 tum
1157 2175 1351 2269 apud
1402 2174 1680 2248 Albiam
1732 2176 2034 2268 flumen,
2087 2183 2443 2269 ceperunt
2494 2169 2755 2250 urbem
2803 2175 3280 2271 improvidam

954 2296 1409 2388 imparatam,
1464 2294 1660 2369 ferro
1713 2300 1785 2367 et
1836 2294 2006 2389 igne
2041 2301 2407 2370 vastantes
2440 2295 2722 2389 omnia;
2766 2316 2916 2388 quo
2959 2302 3282 2389 tempore

952 2414 1275 2488 maxime
1299 2414 1556 2488 enituit
1583 2400 1700 2488 illa
1730 2435 2035 2489 romana
2064 2415 2315 2488 virtus.
2339 2415 2521 2489 Nam
2550 2415 2872 2490 seniores
2898 2413 3281 2509 assumptis

952 2533 1345 2630 insignibus
1396 2535 1758 2608 bonorum
1827 2534 1900 2608 in
1963 2535 2274 2630 propriis
2338 2535 2629 2609 sedibus
2695 2536 3030 2609 trucidati
3089 2540 3276 2609 sunt.

948 2656 1265 2729 Iuvenes
1316 2675 1495 2729 vero
1548 2654 1734 2728 forte
1764 2645 1836 2745 (²)
1898 2654 2094 2728 mille
2143 2675 2459 2728 numero
2510 2675 2759 2729 arcem
2795 2654 3119 2749 Capitolii
3155 2675 3281 2749 per

838 2797 843 2802 ·
945 2794 1075 2848 sex
1128 2793 1415 2847 menses
1464 2764 1967 2848 defenderunt.
2021 2773 2342 2848 Tandem
2384 2793 2558 2847 cum
2603 2773 2881 2854 obsidio
2932 2774 3281 2848 barbaros

945 2894 1277 2989 fatigaret
1343 2898 1415 2967 et
1481 2891 1729 2986 fameS,
1800 2892 2085 2966 romani
2149 2893 2347 2967 mille
2415 2894 2635 2967 libras
2698 2893 2863 2967 auri
2927 2893 3281 2989 promise-

944 3018 1118 3085 runt
1168 3031 1302 3105 pro
1356 3030 1686 3104 recessu3
1738 3010 1866 3085 sed
1917 3030 2091 3084 cum
2156 3011 2326 3107 galli
2392 3011 2732 3106 superbia
2800 3019 2873 3086 et
2937 3011 3279 3086 iniustitia

944 3137 1332 3204 uterentur
1383 3130 1456 3203 in
1510 3129 2081 3223 mensuratione,
2119 3150 2293 3205 ecce
2327 3130 2903 3205 virtuosissimus
2938 3131 3282 3205 Camillus

943 3249 1114 3322 exul
1152 3249 1277 3342 qui
1312 3256 1605 3322 creatus
1644 3248 1952 3323 dictator
1985 3250 2269 3344 absenS,
2306 3250 2624 3325 collectis
2661 3251 2982 3326 romanis
2999 3250 3282 3346 disper-

944 3370 1040 3442 sis
1091 3375 1164 3442 et
1213 3368 1500 3441 auxiliis
1548 3367 1985 3463 amicorum,
2037 3370 2267 3465 gallos
2318 3391 2711 3466 aggressus
2761 3392 3020 3446 omnes
3057 3370 3280 3445 truci-

946 3487 1164 3580 davit,
1217 3493 1290 3560 et
1340 3488 1623 3561 cineres
1672 3489 2036 3582 gallorum
2090 3490 2448 3585 sanguine
2497 3510 2760 3565 eorum
2813 3489 3138 3564 extinxit.
3177 3489 3280 3566 Ad

944 3606 1382 3681 evidentiam
1411 3607 1706 3681 secundi
1737 3614 1847 3682 est
1883 3608 2262 3683 sciendum
2299 3609 2497 3702 quod
2525 3610 2850 3705 Pyrrhus
2884 3610 2975 3684 de
3007 3629 3281 3706 genere

945 3727 1231 3801 Achillis
1274 3710 1750 3802 consobrinus
1774 3728 2165 3803 Alexandr-i
2201 3729 2447 3825 magni
2487 3750 2616 3804 rex
2653 3723 2872 3825 Epiri,
2907 3725 3076 3824 quae
3110 3750 3280 3825 pro-

945 3848 1180 3922 vincia
1233 3847 1530 3922 Graeciae
1582 3848 1926 3922 dividitur
1975 3870 2021 3922 a
2073 3848 2402 3923 Calabria
2455 3854 2771 3945 angusto
2813 3849 3024 3942 mari,
3061 3869 3280 3924 voca-

946 3974 1063 4040 tus
1112 3988 1159 4041 a
1210 3967 1589 4042 tarentinis
1637 3974 1894 4041 contra
1948 3988 2316 4061 romanoS,
2370 3988 2638 4063 magna
2698 3968 2888 4042 bella
2936 3969 3159 4064 gessit
3205 3968 3280 4050 in

942 4087 1162 4182 Italia,
1215 4093 1290 4162 et
1339 4108 1531 4182 saepe
1570 4086 1803 4161 victor
1844 4086 2118 4161 auxilio
2154 4088 2736 4181 elephantorum,
2773 4108 2960 4180 quos
2994 4088 3276 4183 primus

939 4207 1148 4281 duxit
1197 4206 1270 4279 in
1331 4208 1633 4300 ltaliam,
1685 4206 1933 4281 omnia
1998 4211 2288 4280 vastans
2360 4207 2558 4281 venit
2623 4228 2753 4301 per
2802 4207 3277 4303 Campaniam

942 4345 1179 4418 usque
1229 4325 1640 4419 Praeneste3
1692 4325 1986 4401 tandem
2026 4324 2258 4398 victus
2295 4326 2568 4402 virtute
2620 4328 2925 4403 Fabricii
2970 4334 3045 4403 et
3078 4327 3276 4403 Curii

1065 4586 1121 4647 (¹)
1152 4587 1198 4643 ι,
1232 4581 1500 4633 mirabilia.
1999 4583 2056 4648 (⁸)
2088 4591 2135 4647 k,
2168 4586 2346 4639 fortes.
