3734 5567
1053 475 1197 542 464
1840 484 2252 539 coMEN‘ruu
2301 483 2633 538 PAnAnlsr

1053 651 1212 705 rem
1282 630 1415 704 nisi
1473 636 1867 726 cognoscat
1941 650 2023 705 se
2098 630 2608 726 ignorantem3
2675 630 2928 704 nullus
2990 629 3338 704 adiutorem

1051 749 1186 824 nisi
1235 755 1624 845 cognoscat
1674 769 1755 825 se
1806 749 2321 845 impotentem3
2374 752 2600 824 bomo
2650 749 2851 824 enim
2905 756 3065 844 post
3110 751 3338 843 lapsum

1050 869 1291 945 adhuc
1340 869 1808 963 superbiebat
1857 869 1952 945 de
2001 869 2302 945 scientia
2362 877 2438 946 et
2496 871 2814 945 virtute:
2874 870 3039 945 ideo
3085 876 3227 966 post
3264 870 3344 943 ie-

1049 1009 1218 1088 gem
1291 996 1578 1064 naturae
1647 995 1721 1064 et
1787 992 2170 1087 scripturae
2251 991 2600 1087 subsequi
2669 992 2930 1067 debuit
3000 991 3343 1065 incarnatio

1051 1109 1291 1184 Verbi.
1347 1110 1530 1184 Dicit
1580 1130 1795 1206 ergo:
1850 1114 2032 1184 onde
2081 1114 2125 1185 Γ
2145 1132 2410 1185 amana
2467 1114 2687 1205 specie
2736 1114 3046 1206 informa
3085 1114 3343 1202 piaeque,

1050 1228 1258 1325 gravi
1324 1228 1743 1304 infirmitate
1801 1231 2249 1326 animorum,
2302 1252 2472 1326 quae
2531 1232 2741 1327 peior
2807 1230 3045 1305 multo
3075 1224 3142 1323 (¹)
3190 1228 3345 1302 infir-

1052 1348 1302 1423 mitate
1352 1368 1772 1444 corporum,
1824 1355 1899 1424 in
1947 1354 2225 1441 arande
2274 1373 2549 1443 errore,
2602 1372 2901 1449 magnae
2952 1349 3345 1447 ignorantiae,

1050 1475 1123 1542 et
1172 1469 1583 1563 periculose
1633 1477 1964 1566 aegrotat
1995 1472 2121 1564 qui
2174 1491 2255 1547 se
2304 1477 2671 1567 aegrotare
2726 1472 3043 1569 ignorat,
3075 1464 3207 1561 9512,
3239 1467 3345 1541 sci-

1049 1589 1238 1684 licet,
1292 1589 1364 1662 in
1415 1590 1692 1665 mundo
1744 1592 2057 1685 mortali,
2095 1613 2228 1684 per
2276 1595 2485 1665 secoli
2515 1595 2736 1684 molti,
2781 1592 2972 1667 idest
3003 1611 3131 1686 per
3163 1587 3342 1661 muita

1048 1709 1469 1785 centenaria
1509 1730 1904 1804 annorum,
1941 1732 2109 1804 quae
2145 1711 2417 1786 faciunt
2452 1711 2785 1806 quinque
2832 1711 3056 1785 millia
3097 1713 3341 1784 centum

1047 1830 1439 1926 nonaginta
1494 1851 1784 1927 novem,
1839 1832 2003 1906 ideo
2054 1840 2215 1906 erat
2265 1853 2450 1927 opus
2501 1853 2802 1908 summo
2840 1832 3159 1922 medico3
3193 1825 3344 1901 unde

1044 1947 1248 2022 dicit:
1294 1953 1399 2042 fin
1446 1953 1644 2024 ch’al
1691 1952 1908 2025 Verbo
1958 1956 2034 2025 di
2065 1956 2232 2043 Die,
2266 1953 2473 2047 idest,
2518 1952 2737 2026 unico
2771 1945 2847 2046 (²)
2908 1952 3076 2044 filio,
3104 1952 3344 2042 piaeque

1047 2072 1122 2143 di
1167 2073 1485 2162 scender,
1521 2072 1813 2166 scilicet,
1856 2073 1931 2146 in
1983 2073 2342 2147 mundum
2376 2064 2481 2169 (³),
2520 2074 2646 2166 qui
2702 2074 2985 2167 ubique
3032 2077 3157 2164 est,
3186 2071 3344 2141 certe

1050 2189 1250 2262 venit
1301 2195 1383 2261 ut
1434 2189 1726 2264 visibilis
1776 2200 2189 2287 appareret.
2218 2233 2317 2247 —
2343 2199 2408 2266 E
2461 2197 2534 2267 la
2582 2201 2873 2267 natura.
2926 2192 3056 2265 Hic
3104 2183 3341 2262 Beatrix

1048 2315 1242 2383 tacta
1309 2309 1776 2385 damnatione
1843 2313 2158 2388 bominis
2219 2314 2562 2389 describit
2621 2314 3192 2389 incarnationem
3242 2322 3342 2398 per

1048 2449 1272 2523 quam
1329 2429 1514 2505 facta
1566 2437 1676 2506 est
1728 2433 2092 2527 reparatio
2142 2435 2340 2509 eius:
2396 2436 2595 2509 solus
2628 2435 2827 2508 enim
2867 2434 2993 2530 qui
3028 2430 3157 2504 suit
3185 2424 3343 2522 prin-

1044 2551 1314 2646 cipium
1352 2552 1809 2627 causativum
1849 2560 1961 2629 est
1992 2554 2428 2650 principium
2477 2547 3004 2647 recreativum,
3038 2548 3340 2632 Verbum,

1042 2672 1314 2747 scilicet
1364 2673 1596 2747 Patris
1646 2680 2037 2767 aeternum,
2084 2675 2281 2769 quod
2322 2681 2432 2749 est
2483 2676 2814 2751 Christus
2850 2678 3061 2751 Joeus
3109 2663 3341 2743 media-

1042 2798 1157 2867 tor
1207 2793 1338 2866 Dei
1390 2798 1464 2866 et
1515 2793 1921 2867 hominum.
1970 2795 2056 2867 Et
2091 2795 2182 2868 ad
2216 2795 2438 2869 huius
2473 2795 2704 2871 literae
2741 2796 2951 2869 fortis
2991 2788 3342 2880 intelligen-

1040 2912 1216 2987 tiam
1268 2918 1380 2988 est
1427 2913 2012 3007 praenotandum,
2066 2914 2263 3008 quod
2323 2915 2518 2990 Patri
2576 2936 2724 2989 non
2777 2911 3118 2990 convenit
3172 2897 3340 2989 mitti,

1039 3031 1212 3127 quia
1263 3054 1410 3107 non
1461 3039 1572 3108 est
1622 3035 1716 3108 ab
1767 3035 1909 3128 illo,
1964 3054 2100 3109 nec
2150 3033 2446 3129 Spiritui
2498 3041 2771 3130 sancto,
2812 3056 2910 3111 ne
2962 3032 3191 3108 essent
3223 3022 3340 3095 duo

1039 3150 1162 3225 filii
1212 3152 1285 3225 in
1338 3153 1681 3248 trinitate,
1739 3176 1934 3228 unus
1986 3155 2058 3227 in
2113 3155 2592 3251 humanitate,
2644 3156 2833 3230 alius
2878 3156 2948 3229 in
2991 3146 3335 3226 divinitate

1035 3274 1359 3347 Persona
1415 3272 1638 3368 igitur
1690 3273 1815 3347 filii
1867 3281 1977 3349 est
2028 3275 2427 3370 incarnata,
2467 3283 2550 3348 ut
2598 3276 2793 3351 idem
2837 3276 2968 3371 qui
3001 3259 3340 3348 eratfilius

1039 3392 1112 3465 in
1161 3392 1557 3487 divinitate,
1610 3401 1802 3468 esset
1851 3394 2041 3468 filius
2091 3395 2165 3468 in
2217 3397 2693 3472 humanitate.
2757 3398 2937 3472 Erat
2984 3392 3191 3469 etiam
3237 3381 3340 3455 de-

1037 3532 1212 3587 cens
1265 3520 1347 3586 ut
1397 3513 1584 3587 sicut
1634 3519 1844 3609 pater
1894 3515 2257 3588 mundum
2314 3516 2479 3590 fecit
2511 3536 2646 3610 per
2677 3515 3102 3610 sapientiam
3140 3517 3340 3585 suam,

1037 3633 1136 3707 ita
1185 3653 1318 3728 per
1389 3635 1728 3708 eamdem
1797 3634 2199 3710 redimeret
2250 3635 2532 3730 ipsum3
2584 3643 2658 3712 et
2718 3637 2892 3731 quia
2954 3636 3027 3709 in
3086 3620 3339 3703 homine

1038 3763 1356 3850 utraque
1406 3761 1672 3829 natura
1723 3761 1888 3830 erat
1938 3761 2311 3850 corrupta,
2346 3757 2619 3865 sci-licet
2668 3757 2919 3832 anima
2971 3762 3045 3830 et
3091 3756 3336 3836 corpus>

1032 3877 1196 3953 ideo
1247 3877 1563 3972 suscepit
1611 3883 2024 3971 utrumque
2086 3883 2173 3949 ut
2241 3884 2650 3971 utrumque
2708 3878 3073 3953 liberaret.
3122 3869 3204 3942 Et
3245 3870 3333 3932 ta·

1035 4015 1205 4073 men
1265 3999 1461 4073 Deus
1512 3997 1863 4093 Verbum,
1917 3998 2323 4072 secundum
2384 3998 2879 4094 Augustinum
2932 4000 3023 4073 de
3083 3988 3212 4066 fide
3256 3974 3330 4053 ad

1032 4119 1357 4211 Petrum,
1401 4138 1545 4191 non
1581 4117 1860 4211 accepit
1912 4137 2298 4211 personam
2356 4118 2667 4192 hominis
2717 4118 2844 4194 sed
2892 4098 3330 4192 naturam-1¹¹

1029 4236 1312 4310 Christo
1362 4238 1558 4312 enim
1610 4237 1779 4312 duae
1831 4244 2117 4312 naturae
2168 4244 2360 4333 sunt,
2412 4238 2679 4333 divina,
2731 4239 3025 4332 scilicet,
3087 4236 3156 4306 et
3209 4224 3326 4295 hu·

1031 4376 1289 4451 mana;
1343 4364 1418 4431 et
1466 4364 1617 4432 tres
1664 4359 2114 4450 substantiae,
2149 4378 2349 4453 caro,
2398 4360 2644 4434 anima
2696 4366 2771 4434 et
2828 4359 3176 4442 Verbum3
3221 4333 3324 4414 Sed

1034 4469 3324 4504 *md

1154 4542 1209 4602 (¹)
1241 4543 1303 4592 E.
1336 4541 1506 4593 multo
1537 4547 1617 4592 est
1646 4542 1961 4593 infirmitate.
2336 4541 2392 4604 (²)
2423 4544 2485 4595 E.
2518 4546 2677 4596 unico
2707 4544 2803 4594 Dei
2835 4544 2959 4595 fflio.

1155 4617 1212 4683 (⁸)
1242 4619 1305 4669 Ε.
1336 4619 1389 4668 in
1423 4619 1692 4669 mundum.
1726 4618 1826 4669 Sed
1858 4620 2123 4684 quomodo
2153 4622 2295 4673 venit
2325 4621 2377 4671 in
2409 4621 2667 4671 mundum
2698 4622 2788 4685 qui
2819 4620 3010 4684 ubique
3038 4616 3140 4665 cst?
3167 4604 3300 4657 ⁰0¹oe-
