3734 5567
953 450 1097 516 454
1736 463 2148 519 coMEN‘rUM
2196 464 2529 517 mmmm

946 607 1329 703 guelphis3
1384 607 1545 682 ideo
1595 608 1800 683 dicit:
1855 612 1960 682 co’
1985 613 2192 702 quelli
2240 613 2418 699 suoi,
2468 629 2589 682 ma
2638 616 2820 683 lema
2878 614 3062 703 degli
3118 617 3308 686 arti-

944 730 1071 819 qli,
1134 727 1355 823 ipsius
1422 728 1688 823 aquilae
1752 729 1979 822 sortis,
2046 732 2148 803 ch’
2176 752 2226 802 a
2289 732 2617 821 mayyior
2680 733 2851 821 lion,
2913 754 3136 825 quam
3209 735 3306 809 sit

944 848 1097 944 ipse
1131 848 1459 943 Carolus,
1498 850 1624 943 qui
1678 870 1817 924 suo
1871 856 2205 946 tempore
2255 852 2391 924 suit
2433 858 2688 946 potens
2725 858 2799 926 et
2840 840 3299 946 formidatuS,

944 975 1214 1042 trasser
1278 971 1347 1040 lo
1408 972 1607 1062 velle,
1676 970 1880 1064 idest,
1936 971 2203 1065 lanam,
2271 971 2424 1046 sive
2490 971 2746 1066 pilum,
2807 974 3014 1066 quasi
3080 972 3297 1067 dicat,

943 1089 1361 1183 denudavit,
1415 1096 1490 1163 et
1550 1090 1861 1184 privavit
1926 1092 2241 1165 maiores
2305 1111 2541 1188 regeS,
2607 1092 2792 1165 sicut
2850 1093 3296 1187 Iugurtham

945 1229 1168 1302 quem
1222 1209 1492 1282 Marius
1541 1210 2017 1303 praecipitavit
2075 1210 2167 1284 de
2226 1231 2408 1284 arcu
2475 1211 2919 1305 triumphali,
2971 1219 3044 1285 et
3107 1212 3298 1285 sicut

942 1328 1241 1403 Persem
1297 1349 1550 1426 regem
1604 1330 2065 1423 Macedoniae,
2104 1350 2326 1423 quem
2379 1331 2656 1403 Paulus
2695 1329 3032 1403 AEmilius
3083 1330 3296 1403 duxit

940 1455 1111 1523 ante
1162 1470 1469 1523 currum
1525 1450 2069 1545 triumphalem,
2123 1456 2198 1523 et
2259 1458 2599 1524 mortuus
2659 1458 2769 1528 est
2818 1451 2894 1523 in
2945 1470 3292 1543 carcere;

940 1574 1014 1643 et
1064 1567 1161 1644 ita
1213 1570 1305 1643 de
1359 1570 1605 1643 multis
1658 1571 2047 1645 nominatis
2098 1591 2321 1666 supra
2388 1578 2460 1645 et
2522 1593 2669 1646 non
2732 1573 3138 1646 nominatis.
3203 1574 3295 1645 Et

939 1689 1260 1784 assignat
1309 1710 1637 1783 causam,
1689 1690 1975 1764 dicens:
2030 1693 2233 1785 molle
2276 1693 2445 1782 fiate
2500 1682 2623 1781 ,md
2651 1695 2970 1784 ,pians-er
3021 1695 3071 1766 li
3110 1695 3291 1784 styli,

939 1809 1145 1901 idest,
1198 1808 1498 1883 luerunt
1549 1830 1868 1904 poenam,
1911 1832 2049 1902 per
2101 1813 2172 1882 la
2224 1814 2428 1903 colpa
2479 1814 2595 1884 del
2639 1816 2901 1904 padre,
2963 1819 3038 1885 et
3087 1819 3294 1885 certe

940 1929 1075 2003 iste
1127 1936 1333 2024 pater
1386 1930 1819 2003 victoriosus
1873 1931 1944 2004 in
1997 1930 2141 2005 fine
2177 1932 2431 2006 habuit
2475 1953 2779 2029 magnas
2817 1932 3292 2023 infelicitates,

940 2050 1114 2145 quia
1159 2070 1473 2145 regnum
1510 2049 1766 2123 Siciliae
1800 2052 2129 2145 perdidit,
2185 2057 2261 2126 et
2306 2052 2497 2126 filius
2538 2053 2698 2127 eius
2734 2062 2989 2148 captus
3031 2061 3161 2144 est,
3210 2059 3291 2124 ut

937 2170 1224 2243 dicetur
1276 2169 1349 2241 in
1401 2170 1716 2262 capitulo
1752 2170 1942 2264 V1113
1997 2172 2194 2247 unde
2244 2173 2452 2246 dicit:
2490 2195 2527 2246 e
2573 2195 2718 2249 non
2756 2177 2821 2246 si
2850 2176 3096 2265 creda,
3135 2174 3290 2267 ipse

936 2287 1266 2381 Carolus,
1293 2291 1413 2359 che
1445 2291 1583 2360 Dio
1619 2295 1943 2363 trasmuti
1974 2294 2019 2363 Γ
2047 2297 2260 2382 armi,
2295 2293 2590 2386 scilicet,
2632 2294 2940 2388 imperii,
2966 2315 3103 2386 per
3134 2298 3290 2366 suoi

934 2410 1131 2499 yiqli,
1186 2428 1353 2501 quae
1406 2430 1816 2503 numquam
1871 2412 2293 2486 habuerunt
2344 2413 2613 2487 similes
2666 2414 3027 2487 victorias,

1089 2535 1359 2617 Quesca.
1414 2531 1553 2605 Ista
1605 2539 1716 2605 est
1752 2534 1962 2607 tertia
2000 2540 2073 2607 et
2111 2535 2365 2607 ultima
2407 2555 2576 2629 pars
2611 2535 2817 2608 istius
2851 2534 3167 2628 capituli,
3208 2533 3280 2605 in

935 2670 1086 2743 qua
1122 2649 1570 2724 Iustinianus
1624 2653 2012 2747 respondet
2062 2652 2154 2726 ad
2207 2675 2440 2726 unum
2478 2653 2571 2728 de
2605 2675 2755 2747 quo
2795 2655 3065 2728 Dantes
3099 2653 3279 2748 peti-

940 2777 1151 2844 verat
1178 2791 1401 2863 supra
1428 2770 1502 2842 in
1531 2771 1674 2844 fine
1712 2771 2005 2865 capituli
2036 2773 3093 2867 praecedentiS,scilicet,quare
3132 2773 3278 2866 ipse

931 2890 1022 2963 sit
1056 2891 1332 2985 positus
1360 2890 1433 2964 in
1460 2891 1749 2984 planeta
1778 2891 2153 2963 Mercurii:
2184 2891 2277 2965 ad
2305 2892 2502 2984 quod
2528 2892 2683 2986 ipse
2707 2892 2877 2967 dicit
2904 2892 3101 2986 quod
3130 2892 3274 2985 ipse

932 3016 1006 3084 et
1058 3010 1303 3083 caeteri
1357 3010 1626 3083 similes
1676 3010 1981 3084 fuerunt
2032 3012 2364 3105 impressi
2406 3013 2779 3087 influentia
2832 3011 3273 3086 mercuriali.

928 3128 1036 3202 Ad
1088 3129 1282 3221 quod
1337 3136 1448 3202 est
1501 3131 1901 3205 notandum
1956 3131 2152 3225 quod
2206 3133 2614 3206 Mercurius
2669 3134 2961 3207 videtur
3011 3129 3278 3228 signifi-

928 3269 1104 3323 care
1155 3249 1587 3343 claritatem,
1641 3251 2165 3345 eloquentiam,
2212 3254 2676 3344 memoriam,
2727 3254 3123 3328 bonitatem
3172 3253 3280 3325 di-

929 3369 1267 3463 sciplinae,
1304 3389 1620 3443 acumen
1672 3370 1965 3467 ingenii,
2004 3372 2492 3466 velocitatem,
2530 3374 2976 3449 desiderium
3016 3373 3278 3469 princi-

929 3496 1164 3584 patuS,
1195 3489 1511 3584 laudem,
1541 3491 1839 3586 famam,
1869 3492 2258 3588 scriptores
2296 3494 2681 3589 librorum,
2710 3496 3274 3589 profunditatem

927 3610 1226 3704 consilii,
1283 3611 1786 3702 mercimonia,
1838 3613 2069 3705 lucra,
2122 3615 2494 3708 astutiam,
2548 3616 2919 3710 pietatem,
2962 3635 3275 3711 pauper-

927 3726 1151 3804 tatem
1206 3736 1280 3806 et
1330 3732 1500 3805 talia
1557 3733 1811 3825 multa,
1862 3753 2032 3826 quae
2084 3754 2217 3827 pro
2270 3755 2538 3829 magna
2593 3743 2799 3829 parte
2850 3738 3273 3830 competunt

924 3851 1053 3947 ipsi
1088 3852 1492 3927 Justiniano
1542 3860 1617 3927 et
1650 3854 1931 3927 Romeo
1966 3854 2058 3928 de
2095 3875 2243 3948 quo
2278 3855 2486 3929 dicet.
2528 3855 2711 3928 Dicit
2746 3876 2976 3951 ergo:
3025 3860 3272 3943 onesta

916 3975 1216 4064 picciola
1266 3977 1490 4062 stella,
1533 3974 1716 4049 idest
1748 3975 2180 4068 Mercurius,
2236 3976 2362 4069 qui
2414 3983 2524 4049 est
2573 3997 2847 4070 parvus
2900 3984 2975 4050 et
3026 3977 3275 4050 occul-

926 4100 1069 4186 tuS,
1123 4095 1320 4169 unde
1370 4094 1635 4168 dicitur
1685 4116 1729 4169 a
1774 4095 2214 4190 quibusdam
2253 4116 2414 4170 esse
2449 4097 2692 4171 minor
2733 4104 2957 4189 terra,
3009 4099 3074 4168 si
3104 4116 3270 4168 cor-

926 4214 1133 4302 reda,
1202 4212 1595 4287 decoratur
1658 4222 1733 4288 et
1798 4223 2236 4306 exornatur,
2295 4219 2402 4289 de'
2441 4219 2650 4290 buoni
2696 4221 2922 4309 spirti‚
2975 4218 3264 4307 scilicet,

924 4330 1178 4423 beatis,
1230 4335 1348 4403 che
1396 4354 1526 4404 son
1576 4337 1738 4407 stati
1786 4337 2004 4424 accivi,
2060 4333 2132 4407 in
2185 4334 2331 4408 vita
2384 4338 2698 4429 mortali,
2738 4334 3000 4430 perche*
3057 4358 3276 4409 onore

924 4475 962 4525 e
989 4454 1195 4543 fama
1228 4453 1331 4541 qli
1359 4455 1679 4541 succeda,
1732 4453 1904 4547 quia
1962 4455 2218 4547 honor,
2273 4455 2467 4530 sama
2518 4464 2593 4531 et
2649 4457 2883 4552 gloria
2935 4456 3270 4551 sequitur

922 4571 1013 4646 ad
1065 4591 1291 4666 opera
1346 4571 1691 4645 virtuosa.
1746 4572 1834 4645 Et
1883 4574 2126 4648 subdit
2175 4576 2372 4670 quod
2424 4577 2562 4649 hoc
2623 4577 2814 4652 cedit
2864 4576 2969 4651 eis
3016 4576 3110 4650 ad
3159 4576 3270 4649 di-
