3734 5567
1402 478 1678 533 CAN‘rus
1729 480 2016 534 PRIMUS·
2735 469 2876 536 305

527 643 714 716 cam,
743 622 1109 696 salubrius
1142 622 1608 719 gubernavit,
1637 627 1710 698 et
1734 623 2010 697 diutius
2044 624 2314 698 tenuit:
2353 629 2638 699 tantum
2677 627 2873 701 enim

523 742 913 837 imperavit
986 749 1347 836 quantum
1421 744 1664 818 Caesar
1731 743 1946 836 vixit,
2008 743 2279 818 scilicet
2344 744 2871 844 quinquaginta

523 882 654 937 sex
704 862 933 936 annis.
989 862 1234 937 Caesar
1284 882 1466 958 ergo
1527 862 1818 938 videtur
1884 883 2046 937 esse
2074 856 2146 955 (⁴)
2203 862 2503 958 quidam
2543 885 2876 960 praecur-

524 1002 647 1056 sor
697 981 1181 1075 imperatoris,
1226 980 1413 1055 sicut
1461 981 1779 1077 Baptista
1821 981 1958 1056 suit
1997 1002 2412 1077 praecursor
2450 983 2868 1059 Salvatoris.

525 1102 613 1174 Et
661 1101 778 1175 hic
828 1108 1000 1175 nota
1069 1101 1257 1175 bene
1326 1101 1525 1195 quod
1581 1101 1797 1197 poeta
1865 1102 1984 1176 hic
2044 1103 2312 1177 merito
2361 1105 2868 1199 conqueritur,

527 1220 724 1316 quod
772 1221 875 1295 sic
925 1221 1318 1297 cessaverit
1386 1222 1622 1317 gloria
1684 1222 2275 1317 triumphorum3
2328 1245 2507 1298 nam
2560 1245 2869 1299 romano

524 1341 855 1436 imperio,
911 1347 995 1414 ut
1044 1340 1254 1414 multi
1307 1341 1624 1417 illustres
1674 1342 1995 1417 historici
2045 1333 2397 1437 scribunt,
2434 1343 2608 1418 nihil
2641 1344 2870 1419 defuit

526 1460 659 1534 nisi
711 1460 1085 1535 modicum
1137 1460 1475 1556 orientis3
1527 1461 1745 1536 hodie
1793 1483 1975 1538 vero
2026 1463 2201 1537 nihil
2252 1464 2475 1538 habet
2524 1464 2657 1539 nisi
2708 1484 2873 1538 mo-

523 1580 766 1655 dicum
820 1580 1235 1675 occidentiS,
1275 1585 1349 1655 et
1400 1580 1576 1655 illud
1627 1582 1860 1678 magis
1912 1583 2211 1658 nomine
2243 1604 2470 1678 quam
2523 1605 2646 1678 re3
2691 1604 2866 1658 cum

524 1707 770 1774 tamen
823 1721 1172 1795 magnam
1219 1700 1608 1775 materiam
1642 1701 2051 1776 habeamus
2085 1702 2658 1799 triumphorum,
2692 1722 2865 1777 cum

518 1817 760 1893 hostes
810 1818 976 1893 fidei
1027 1824 1324 1894 teneant
1390 1820 1602 1914 quasi
1667 1826 1907 1894 totum
1971 1820 2334 1896 orientem
2402 1827 2477 1897 et
2543 1822 2868 1898 maxime

521 1944 803 2012 terram
840 1943 1191 2033 sanctam,
1225 1937 1320 2013 de
1353 1960 1503 2034 quo
1525 1930 1595 2031 (²)
1628 1940 2109 2035 conqueritur
2142 1940 2309 2014 alibi
2342 1940 2416 2015 in
2441 1940 2578 2015 isto
2604 1941 2863 2016 eodem

518 2057 727 2132 libro.
782 2059 1091 2133 Romani
1140 2068 1396 2137 autem
1448 2059 1713 2156 pagani
1775 2061 1972 2134 ultra
2030 2066 2396 2135 trecentos
2453 2060 2864 2156 triumphos

521 2178 695 2251 olim
747 2184 1073 2274 egerant,
1127 2178 1422 2273 quando
1473 2178 1676 2253 Titus
1724 2180 1847 2254 ille
1897 2200 2112 2254 amor
2161 2179 2547 2254 hominum
2598 2179 2869 2253 trium-

521 2299 748 2392 phum
800 2297 1005 2372 duxit
1055 2297 1147 2372 de
1197 2298 1727 2393 Hierosolyma,
1780 2319 1931 2392 quo
1982 2298 2231 2373 nullus
2280 2298 2547 2374 clarior
2597 2298 2736 2373 fuit
2786 2298 2861 2373 in

521 2418 728 2511 orbe,
778 2425 864 2491 ut
915 2417 1163 2491 scribit
1211 2411 1474 2492 diffuse
1533 2425 1606 2493 et
1662 2420 1860 2494 clare
1925 2420 2283 2514 Josephus
2340 2419 2433 2494 de
2490 2419 2682 2494 bello
2732 2420 2863 2515 ju-

521 2537 750 2612 daico.
803 2539 1064 2612 Noster
1114 2558 1292 2613 vero
1343 2539 1746 2634 imperator
1795 2538 2112 2613 liberum
2162 2543 2448 2633 patrem
2490 2539 2679 2613 colit.
2734 2541 2860 2614 Est

520 2665 771 2732 autem
825 2657 1240 2753 triumphus
1291 2659 1524 2732 honor
1574 2657 1862 2732 debitus
1912 2657 2080 2732 duci
2130 2678 2267 2753 pro
2300 2656 2607 2733 victoria
2641 2680 2687 2732 a
2728 2658 2864 2732 tri-

516 2779 678 2874 plici
725 2798 1002 2875 genere
1050 2798 1361 2874 pompae,
1416 2777 1589 2873 quia
1649 2779 2055 2873 imperator
2104 2777 2179 2852 in
2239 2799 2469 2862 curru
2532 2784 2767 2853 tracto
2816 2799 2863 2853 a

515 2906 835 2993 quatuor
869 2897 1079 2993 equis
1119 2898 1439 2973 intrabat
1474 2898 1738 2974 urbem
1775 2897 2073 2973 indutus
2110 2897 2357 2972 tunica
2396 2898 2614 2993 Jovis,
2641 2898 2861 2994 juxta

511 3019 688 3094 illud
728 3019 996 3094 Ovidii:
1035 3026 1336 3111 quatuor
1368 3021 1444 3091 in
1475 3022 1693 3093 niveis
1726 3040 1986 3093 aureus
2022 3019 2170 3092 ibat
2204 3021 2394 3110 equis
2410 3046 2443 3113 ,·
2478 3025 2552 3094 et
2593 3039 2853 3094 omnes

513 3139 774 3234 captivi
828 3139 1027 3212 ibant
1077 3145 1280 3238 ante,
1312 3159 1622 3213 currum
1686 3138 2232 3234 triumphalem,
2285 3145 2361 3214 et
2411 3139 2546 3213 sibi
2608 3138 2861 3214 venie-

511 3259 689 3333 bant
743 3258 1036 3333 obviam
1087 3278 1261 3332 cum
1316 3279 1586 3355 magno
1636 3259 1898 3353 plausu
1952 3264 2027 3333 et
2074 3258 2321 3332 laetitia
2373 3264 2673 3333 senatus
2723 3278 2861 3353 po-

512 3378 880 3473 pulusque
932 3397 1303 3452 romanus.
1356 3378 1569 3452 Nunc
1617 3398 1798 3453 vero
1839 3377 2256 3453 sacerdotes
2296 3378 2524 3452 nostri
2569 3384 2859 3473 tempo-

517 3498 615 3572 ris
648 3498 805 3573 sine
836 3498 1025 3572 bello
1065 3497 1541 3593 triumphant,
1568 3499 1755 3573 sicut
1791 3497 2107 3573 vidimus
2142 3499 2414 3572 multos
2446 3496 2852 3572 cardinales

515 3617 792 3693 intrare
841 3618 1244 3693 Bononiam
1297 3639 1443 3693 non
1495 3625 1605 3694 est
1673 3619 1820 3692 diu.
1875 3618 1982 3692 De
2049 3618 2423 3714 triumpho
2485 3638 2634 3692 non
2694 3618 2858 3693 dico

512 3741 749 3834 plura,
780 3739 952 3835 quia
997 3741 1230 3813 multa
1255 3740 1410 3835 jam
1448 3739 1639 3815 dicta
1678 3746 1851 3814 sunt
1883 3738 2297 3836 Purgatorii
2333 3737 2688 3833 capituliS,
2724 3739 2851 3812 ubi

510 3859 775 3935 dicitur
823 3841 924 3934 de.
968 3858 1356 3953 triumphis
1391 3860 1717 3953 CaesariS‚
1755 3867 1829 3934 et
1863 3858 1989 3933 ubi
2029 3858 2294 3932 dicitur
2334 3857 2427 3932 de
2467 3856 2856 3951 triumphis

510 3978 855 4075 Scipionis
905 3985 980 4053 et
1003 3978 1366 4074 ’Augusti,
1418 3985 1492 4054 et
1539 3978 1780 4054 adhuc
1830 3977 2117 4053 dicetur
2150 3977 2320 4052 alibi
2357 3977 2432 4050 in
2466 3976 2604 4050 isto
2645 3975 2853 4049 libro.

507 4097 594 4171 Et
641 4099 847 4173 dicit:
903 4119 947 4170 ο
1001 4104 1238 4172 Poeta.
1293 4097 1400 4173 Ad
1452 4099 1648 4194 quod
1700 4104 1810 4174 est
1860 4098 2170 4174 ulterius
2219 4097 2621 4172 notandum
2659 4093 2859 4190 quod

509 4215 774 4291 Dantes
826 4219 1348 4294 convenienter
1397 4219 1523 4296 dat
1572 4225 1866 4315 poetam
1920 4219 1995 4295 in
2046 4218 2327 4294 socium
2378 4217 2682 4314 principi
2719 4216 2859 4291 sub

510 4335 769 4411 eodem
821 4336 1122 4431 honore,
1175 4338 1348 4432 quia
1412 4338 1532 4413 illa
1592 4340 1787 4414 fama
1852 4339 2015 4442 erit¹
2042 4339 2117 4413 in
2166 4338 2373 4414 brevi
2434 4338 2525 4413 de
2584 4356 2856 4434 magno

631 4601 686 4663 (¹)
716 4600 780 4650 Ε.
810 4599 968 4650 fuisse
999 4600 1159 4662 quasi.
1179 4624 1242 4638 -
1262 4604 1308 4661 ι,
1344 4599 1499 4652 fuisse
1530 4601 1757 4664 quidam.
2011 4596 2068 4661 (⁸)
2100 4598 2161 4650 B.
2192 4598 2257 4649 de
2288 4611 2393 4662 quo
2424 4602 2593 4661 poeta.

770 4708 845 4753 iv.
2300 4697 2317 4742 3
2373 4699 2391 4742 ε
2532 4704 2617 4749 20.
2666 4699 2709 4762 :3
2732 4701 2775 4773 33
