3734 5567
1425 495 1705 550 CAN'rus
1753 498 2038 551 anns.
2759 489 2900 557 325

557 648 872 723 effectu:
926 646 1114 720 bene
1162 662 1527 739 cognosco
1577 661 1672 717 ex
1723 641 1965 716 verbis
2033 642 2176 716 tuis
2247 664 2484 738 quare
2546 645 2901 741 coeperim

560 788 758 841 nunc
807 765 1068 841 audire
1118 783 1397 838 novum
1459 781 1751 855 sonum,
1817 769 1893 835 et
1959 761 2210 836 videre
2276 784 2552 838 novum
2624 766 2904 860 lumen,

494 959 503 968 ,
557 886 686 962 sed
737 905 885 959 non
939 903 1234 980 possum
1289 900 1738 978 cognoscere
1788 880 2103 975 qualiter
2152 901 2349 957 nunc
2384 904 2556 958 cum
2593 905 2905 981 corpore

556 1006 968 1101 ponderoso
1020 1011 1393 1078 transeam
1444 1023 1576 1097 per
1629 1002 1765 1077 ista
1814 1021 2127 1097 corpora
2176 1001 2385 1077 levia.
2428 1006 2516 1079 Et
2556 1008 2672 1082 hic
2705 1014 2901 1102 nota,

555 1128 811 1221 lector,
862 1126 1060 1219 quod
1112 1127 1253 1199 boc
1301 1130 1412 1198 est
1462 1123 1766 1219 dignum
1820 1124 2039 1218 longa
2090 1121 2531 1201 discussione
2561 1119 2633 1220 (¹)
2681 1149 2904 1224 super

556 1247 691 1322 ista
741 1245 1223 1321 admiratione
1271 1243 1599 1338 autoris3
1653 1264 1826 1318 nam
1887 1243 2156 1317 Dantes
2223 1262 2421 1316 nunc
2487 1254 2904 1324 contractus

554 1367 631 1442 in
680 1387 931 1442 arcem
1001 1384 1156 1440 suae
1222 1363 1487 1437 mentis
1550 1363 2072 1458 speculabatur
2137 1362 2356 1436 simul
2425 1364 2770 1440 vilitatem
2830 1376 2906 1444 et

556 1489 1081 1564 sublimitatem
1124 1487 1474 1560 humanae
1510 1492 1817 1559 naturae.
1854 1485 2066 1577 Nam,
2104 1490 2188 1557 ut
2220 1484 2706 1581 perstringam
2743 1488 2907 1582 plu-

557 1609 745 1683 rima
798 1607 1071 1703 pauciS,
1126 1606 1303 1681 nibil
1355 1606 1694 1680 miserius
1744 1605 2065 1698 bomine,
2136 1604 2311 1677 nibil
2371 1604 2686 1700 felicius5
2748 1606 2911 1680 vili-

559 1735 783 1803 tatem
839 1727 1135 1821 quidem
1189 1726 1698 1802 considerabat
1750 1725 2033 1799 ratione
2064 1716 2139 1817 (²)
2193 1724 2521 1799 materiae
2583 1726 2910 1821 corporis

563 1848 1089 1944 pergravantiS,
1141 1855 1225 1921 ut
1274 1848 1651 1943 eleganter
1703 1850 1778 1919 et
1827 1865 2023 1940 saepe
2072 1845 2321 1919 scribit
2360 1846 2634 1920 Plinius
2667 1846 2741 1919 in
2776 1868 2912 1922 na-

562 1968 783 2042 turali
817 1967 1163 2043 historia:
1201 1966 1377 2061 quid
1410 1966 1608 2041 enim
1644 1965 1985 2040 miserius
2018 1964 2316 2039 bomine
2350 1965 2477 2059 qui
2514 1970 2910 2061 conceptus

558 2087 635 2161 in
685 2085 946 2161 foetore
979 2086 1318 2179 luxuriae,
1356 2086 1677 2160 nutritus
1718 2084 2116 2160 foedissimo
2147 2084 2521 2179 alimento,
2552 2085 2751 2179 quod
2776 2106 2912 2159 no-

558 2205 844 2280 minare
892 2205 1130 2300 pudor
1179 2204 1558 2301 prohibet;
1598 2224 1820 2299 quem
1857 2210 2258 2298 antequam
2305 2208 2651 2278 nascatur
2686 2203 2912 2278 iuter-

565 2326 743 2400 dum
797 2325 1015 2400 foetor
1064 2324 1384 2399 candelae
1420 2324 1759 2400 extinctae
1794 2323 2157 2418 interficit,
2199 2328 2274 2399 et
2314 2332 2571 2399 natum
2619 2344 2911 2398 morsus

565 2445 814 2521 culicis
866 2451 1100 2539 necat,
1152 2444 1303 2519 imo
1355 2444 1541 2540 pilus
1584 2444 1657 2518 in
1707 2445 1898 2519 lacte
1947 2445 2333 2520 suffocavit
2367 2445 2683 2520 nobilem
2736 2463 2914 2539 poe-

563 2572 716 2639 tam
768 2584 1148 2661 graecum:
1200 2566 1423 2638 homo
1476 2564 1938 2640 miserrimus
2004 2565 2456 2659 animalium,
2512 2565 2907 2660 hospitium

567 2684 1061 2777 miseriarum,
1115 2685 1662 2778 receptaculum
1727 2684 2080 2778 sordium,
2132 2683 2550 2758 subiectum
2609 2683 2911 2758 morbo-

560 2826 756 2898 rum,
792 2823 1032 2900 egens-
1058 2802 1418 2897 omnium,
1454 2804 1630 2877 nibil
1669 2824 1924 2878 secum
1961 2809 2205 2899 portat
2234 2795 2332 2899 (³),
2367 2803 2559 2880 inter
2594 2804 2910 2896 doloreS‚

557 2945 813 3021 poenas
864 2931 939 2999 et
987 2924 1353 3020 pericula:
1407 2923 1598 2999 inter
1648 2924 2115 2999 incommoda
2168 2930 2370 2999 tanta
2422 2930 2574 2999 tam
2626 2930 2914 2998 naturae

559 3066 784 3139 quam
820 3045 1160 3139 fortunae,
1198 3044 1425 3118 vitam
1460 3044 1612 3140 agit
1649 3043 2181 3138 brevissimam,
2219 3065 2445 3139 quam
2491 3043 2913 3140 auspicatur

559 3185 606 3238 a
655 3164 995 3258 planctu3
1046 3183 1340 3259 semper
1390 3163 1785 3258 inquietus,
1823 3164 2169 3238 sollicitus
2219 3164 2313 3238 de
2361 3165 2617 3261 gloria,
2659 3165 2752 3239 de
2783 3185 2916 3260 pe-

562 3282 806 3375 cunia,
857 3301 1149 3376 semper
1201 3287 1517 3358 mortem
1581 3283 1867 3377 timenS,
1934 3305 2082 3378 qua
2147 3283 2320 3358 nibil
2390 3284 2654 3359 melius
2721 3284 2917 3360 dedit

564 3408 830 3478 natura
883 3402 1181 3496 bomini,
1247 3423 1420 3477 cum
1487 3404 1712 3477 bomo
1780 3404 2058 3478 homini
2118 3404 2334 3480 faciat
2397 3412 2506 3480 tot
2571 3406 2788 3500 mala,
2842 3411 2916 3480 et

560 3521 942 3597 insidietur
1019 3522 1188 3597 vitae
1261 3522 1713 3597 brevissimae
1777 3543 1912 3619 per
1986 3530 2094 3598 tot
2160 3544 2438 3621 genera
2509 3530 2917 3601 tormento-

566 3664 763 3737 rum,
817 3642 1170 3716 mortium
1221 3649 1296 3717 et
1365 3643 1878 3718 ludibriorum.
1931 3645 2119 3733 Quid
2171 3645 2368 3740 quod
2416 3646 2729 3741 pediculi
2779 3646 2916 3721 ali-

561 3762 860 3858 quando
915 3769 1261 3837 roseruut
1309 3782 1566 3859 regem
1620 3771 1693 3839 et
1740 3785 2034 3840 vermes
2083 3766 2658 3861 imperatorem?
2710 3766 2915 3842 Unde

561 3883 1003 3978 quibusdam
1055 3882 1292 3958 visum
1348 3889 1458 3959 est
1491 3885 1851 3980 optimum
1895 3906 2057 3961 esse
2090 3875 2459 3979 bomini('*)
2501 3907 2646 3962 non
2690 3887 2914 3982 nasci,

564 4005 681 4079 vel
733 4005 877 4079 cito
931 4003 1141 4078 mori.
1193 4004 1251 4078 E
1304 4012 1562 4080 contra
1609 4011 1864 4080 autem
1919 4006 2425 4081 considerabat
2473 4007 2740 4082 Dantes
2789 4029 2918 4081 su-

561 4123 994 4199 blimitatem
1050 4125 1363 4199 bominis
1414 4132 1774 4220 quantum
1827 4126 1923 4201 ad
1974 4125 2421 4201 intellectum
2475 4128 2683 4222 quasi
2731 4128 2917 4203 divi-

564 4262 768 4315 num.
821 4242 1079 4318 Nonne
1131 4252 1390 4319 contra
1442 4251 1546 4319 tot
1597 4266 1873 4342 genera
1909 4245 2377 4321 miseriarum
2419 4247 2643 4322 homo
2677 4269 2758 4325 se
2789 4270 2916 4324 ar-

564 4367 720 4434 mat
768 4380 900 4455 per
953 4367 1060 4435 tot
1106 4383 1381 4459 genera
1432 4364 1708 4439 artium
1760 4365 2112 4439 imitando
2162 4369 2568 4441 naturam?
2615 4367 2800 4443 Nam
2852 4370 2914 4443 si

684 4546 737 4605 (¹)
770 4545 833 4595 E.
866 4545 1208 4600 distinctione.
1584 4550 1638 4613 (’)
1670 4550 1734 4600 E.
1766 4551 1970 4601 ratione
2002 4551 2239 4614 corporis
2270 4552 2653 4615 praegravando.

686 4621 741 4684 (⁸)
772 4622 834 4672 E.
865 4628 1040 4686 portat
1070 4625 1166 4675 nisi
1197 4624 1421 4686 dolores,
1451 4626 1671 4689 labores,
1707 4640 1884 4692 ρωποι
1915 4633 1985 4678 et.
2235 4625 2290 4690 (⁸)
2322 4626 2387 4678 Ε.
2419 4628 2702 4679 hominem.
