3734 5567
903 463 1045 531 368
1689 472 2100 526 coMENTUM
2149 473 2483 526 PARAmsr

896 623 1096 697 illam
1157 621 1446 695 avidam
1515 617 1860 712 loquendi
1921 638 2200 711 secum,
2255 624 2330 692 et
2390 617 2542 712 ipse
2605 616 2897 691 volebat
2949 636 3245 692 servare

898 748 1346 838 praeceptum
1400 739 1768 815 Beatricis.
1796 779 1896 791 —
1931 743 1992 812 0
2043 739 2189 811 ben.
2245 739 2455 813 Nunc
2508 737 2778 811 Dantes
2829 737 3032 832 ponit
3082 758 3246 812 ora-

897 862 1172 936 tionem
1226 881 1437 934 suam
1493 860 1586 933 ad
1635 857 2092 951 Picbardam,
2129 856 2202 930 in
2246 878 2395 952 qua
2430 857 2600 931 facit
2640 856 3027 931 exordium
3076 877 3243 930 cum

897 981 1246 1077 petitione
1294 985 1547 1073 petens
1583 977 1676 1052 de
1712 977 2009 1052 nomine
2042 983 2116 1052 et
2159 977 2603 1070 conditione3
2640 977 2839 1050 unde
2872 976 3042 1050 dicit
3074 997 3240 1050 cum

899 1098 1428 1198 gratulatione:
1474 1102 1535 1171 0
1581 1098 1709 1170 ben
1757 1105 1994 1170 creato
2032 1100 2305 1190 spirim,
2348 1098 2520 1191 quia
2571 1097 2665 1171 ad
2715 1096 3234 1171 beatitudinem

903 1219 1276 1312 destinate,
1326 1220 1447 1290 che
1494 1220 1570 1291 ai
1616 1219 1737 1290 rai
1783 1220 1859 1290 di
1909 1219 2049 1290 vita
2100 1223 2365 1307 eterna,
2418 1217 2622 1311 idest,
2675 1217 2768 1291 ad
2830 1217 3076 1291 radios
3135 1216 3243 1291 di-

902 1340 1090 1415 vinae
1140 1338 1416 1435 gratiae,
1467 1340 1642 1411 senti
1689 1340 1762 1410 la
1811 1339 2174 1429 dolcezza,
2226 1336 2429 1430 idest,
2474 1336 2765 1411 dulcem
2820 1336 3236 1411 fruitionem

902 1459 1254 1536 felicitatis
1304 1464 1623 1551 aeternae,
1659 1459 1780 1530 che
1808 1477 1955 1529 non
1986 1463 2266 1547 gustata
2304 1478 2452 1529 non
2483 1460 2539 1530 s’
2564 1458 2838 1530 intende
2880 1461 3027 1530 mai
3044 1483 3075 1549 ,·
3111 1477 3243 1530 no-

901 1584 1142 1653 tanter
1191 1577 1381 1671 dicit,
1434 1577 1608 1671 quia
1659 1597 1807 1650 non
1857 1578 2060 1652 novit
2111 1577 2346 1650 mellis
2397 1576 2856 1651 dulcedinem
2911 1577 3037 1670 qui
3095 1577 3237 1650 mel

901 1721 1046 1774 non
1095 1698 1449 1795 gustavit3
1503 1697 1670 1772 hinc
1733 1704 1844 1772 est
1905 1696 2104 1792 quod
2173 1696 2583 1791 voluptates
2641 1696 3016 1770 sensibiles
3081 1696 3241 1790 plus

900 1824 1260 1898 delectant
1311 1841 1443 1894 nos
1493 1841 1715 1914 quam
1773 1819 2006 1894 virtus
2057 1820 2174 1893 vel
2224 1818 2554 1913 felicitas3
2600 1818 2764 1893 ideo
2805 1819 3078 1893 Paulus
3116 1816 3238 1910 qui

898 1947 1325 2041 gustaverat
1374 1940 1465 2014 de
1516 1941 1649 2013 ista
1699 1939 2104 2033 dulcedine,
2158 1938 2482 2013 dicebat:
2544 1939 2759 2033 cupio
2826 1936 3119 2010 dissolvi
3168 1945 3243 2011 et

899 2082 1061 2138 esse
1095 2081 1265 2135 cum
1305 2059 1624 2152 Christo;
1659 2061 1999 2150 qrazioso
2033 2061 2129 2131 mi
2153 2061 2283 2150 fia,
2311 2057 2515 2152 idest,
2552 2058 2692 2132 erit
2726 2056 2901 2130 mihi
2941 2057 3036 2130 ad
3068 2077 3240 2153 gra-

901 2182 1077 2256 tiam
1130 2180 1603 2276 singularem,
1655 2201 1730 2253 se
1778 2182 1877 2252 mi
1923 2181 2220 2252 contenti
2278 2181 2392 2252 del
2447 2199 2651 2251 nome
2698 2184 2843 2267 tu0,
2898 2181 2981 2249 ut
3032 2196 3240 2251 reco-

899 2320 1248 2398 gnoscam
1304 2306 1398 2393 te,
1452 2298 1624 2393 quia
1676 2298 1944 2372 videris
1995 2318 2527 2395 recognoscere
2587 2317 2731 2392 me,
2784 2319 2823 2370 e
2880 2299 3070 2370 della
3118 2318 3241 2369 vo-

898 2427 1054 2494 stra
1100 2426 1313 2510 sorte,
1363 2418 1537 2511 quia
1586 2418 1971 2493 audiverat
2021 2418 2218 2512 quod
2287 2424 2500 2492 erant
2551 2418 2895 2513 relegatae
2958 2417 3033 2490 in
3085 2417 3239 2491 loco

900 2539 1224 2614 inferiori
1275 2559 1368 2613 ex
1409 2538 1697 2612 defectu
1742 2538 1912 2612 voti.
1941 2579 2039 2593 -
2073 2541 2250 2612 Ond’
2275 2541 2433 2612 ella.
2469 2538 2599 2612 Hic
2632 2543 2852 2612 autor
2887 2536 3088 2632 ponit
3123 2556 3239 2610 re·

900 2661 1362 2755 sponsionem
1413 2659 1784 2733 Pichardae
1834 2659 1929 2733 ad
1977 2679 2083 2753 se,
2135 2678 2304 2753 quae
2336 2659 2574 2753 primo
2616 2658 2990 2754 praemittit
3023 2678 3241 2733 exor-

899 2781 1127 2876 dium,
1181 2780 1441 2855 deinde
1492 2780 1988 2854 narrationem
2026 2780 2204 2854 eius,
2244 2779 2448 2855 Unde
2488 2780 2919 2854 continuans
2949 2771 3022 2870 (¹)
3074 2778 3241 2853 dicit

899 2907 1152 2996 poeta:
1216 2902 1394 2973 Ond’
1418 2903 1579 2993 ella,
1635 2899 1907 2974 scilicet
1942 2899 2322 2993 Picharda,
2348 2905 2619 2991 proma
2667 2922 2704 2972 e
2753 2922 2886 2973 con
2917 2901 3105 2971 occlzi
3132 2901 3242 2970 ri-

897 3024 1106 3113 denti,
1133 3077 1138 3086 .
1167 3019 1537 3113 respondit
1587 3020 1899 3093 libenter
1940 3020 2077 3092 sub
2119 3020 2258 3094 hac
2299 3019 2537 3094 forma
2586 3025 2891 3116 tangens
2939 3038 3238 3092 causam

897 3160 1052 3214 suae
1092 3140 1314 3234 justae
1363 3139 1851 3234 responsionis
1902 3139 1995 3213 ad
2023 3130 2097 3230 (²)
2144 3140 2422 3234 justam
2466 3141 2930 3235 petitionem:
2985 3143 3058 3213 la
3106 3160 3240 3214 no-

895 3265 1051 3332 stra
1098 3248 1351 3349 caritd,
1392 3259 1687 3353 scilicet,
1724 3259 2138 3353 beatorum,
2174 3280 2321 3332 non
2352 3281 2562 3332 serra
2585 3268 2819 3353 porte,
2853 3259 3064 3355 idest,
3101 3280 3245 3334 non

898 3379 1196 3454 obturat
1242 3398 1486 3472 aureS,
1538 3400 1587 3450 a
1635 3381 1866 3469 musta
1924 3381 2184 3472 voqlia,
2242 3385 2315 3454 et
2367 3399 2542 3454 ecce
2591 3400 2918 3473 causam,
2971 3401 3046 3452 se
3094 3399 3243 3452 non

897 3519 1090 3572 come
1150 3500 1403 3591 quella,
1464 3497 1756 3591 scilicet,
1818 3497 2085 3573 caritas
2134 3498 2399 3593 divina,
2462 3501 2582 3572 che
2630 3502 2828 3573 vuole
2877 3506 3050 3573 tutta
3107 3518 3241 3572 sua

899 3625 1112 3711 corte,
1170 3617 1375 3713 idest,
1427 3619 1881 3693 voluntatem
1935 3617 2270 3692 omnium
2321 3619 2738 3714 beatorum,
2774 3622 2995 3693 simile
3043 3642 3092 3692 a
3139 3617 3241 3711 sd,

900 3738 1109 3833 sicut,
1162 3731 1718 3834 ipsae'Pichar‘da
1780 3737 2022 3816 suerat
2089 3744 2391 3833 experta
2456 3738 2531 3811 in
2593 3758 2675 3812 se
2741 3738 2894 3834 ipsa
2958 3739 3030 3812 in
3092 3739 3236 3812 vita

890 3858 1214 3953 mortali,
1268 3858 1440 3952 quia
1482 3857 1683 3952 justa
1732 3856 2058 3953 precatio
2118 3878 2252 3931 sua
2316 3857 2557 3932 fuerat
2617 3847 2958 3932 eraudita
3014 3877 3239 3951 super

898 3986 1070 4054 voto
1121 3978 1606 4072 continentiae,
1658 3983 1742 4050 ut
1780 3977 1939 4071 jam
1992 3976 2268 4050 dictum
2320 3986 2450 4051 est.
2504 3977 2593 4050 Et
2641 3976 2980 4051 describit
3025 3996 3104 4050 se
3142 3976 3241 4050 ab

902 4098 1177 4189 babitu,
1231 4098 1504 4171 virtute
1553 4102 1625 4170 et
1678 4096 1975 4170 nomine
2026 4117 2186 4190 suo,
2239 4096 2522 4171 dicens:
2563 4099 2635 4169 io
2661 4100 2772 4190 fui
2806 4099 2928 4169 ‘nel
2957 4099 3241 4187 monde,

902 4216 1196 4310 scilicet,
1250 4215 1562 4310 mortali,
1617 4218 1920 4305 veroine.
1975 4214 2081 4287 Ad
2133 4215 2331 4309 quod
2383 4223 2553 4291 nota
2617 4216 2817 4311 quod
2869 4216 3245 4313 virginitas

902 4340 1014 4407 est
1063 4335 1351 4409 babitus
1385 4335 1738 4410 electivus
1772 4335 2203 4430 integritatis
2235 4336 2562 4431 corporis
2594 4336 3073 4411 observandae
3113 4356 3245 4433 per

1023 4595 1081 4657 (¹)
1113 4595 1185 4655 S„
1218 4594 1279 4644 Ε.
1311 4607 1342 4645 e
1374 4599 1421 4656 4,
1454 4592 1600 4644 Unde
1633 4592 1981 4646 continuative
2012 4595 2153 4647 dicit.
2455 4598 2511 4661 (⁸)
2536 4598 2599 4649 Ε.
2630 4597 2694 4649 ad
2726 4609 2874 4647 suam
2898 4597 3112 4661 justam.
