3734 5567
1088 526 1362 581 currus
1411 524 1843 579 mensurus
1892 525 2216 579 munus.
2675 509 2816 577 285

478 675 617 751 tuit
649 694 874 769 supra
911 672 1226 767 capitulo
1263 671 1570 765 XXVIII,
1606 671 1732 744 ubi
1767 670 1903 746 ista
1934 669 2230 744 domina
2282 668 2642 743 subtiliter
2673 667 2819 741 dis-

474 794 706 870 seruit
747 793 977 867 multa
1028 791 1122 867 de
1173 797 1435 865 natura
1477 797 1550 865 et
1592 790 1862 863 virtute
1911 789 2132 862 huius
2183 789 2345 862 loci.
2402 788 2487 863 Et
2538 789 2710 882 quia
2744 780 2816 880 (⁴)

473 914 663 988 forte
712 912 1099 988 videbatur
1150 930 1362 1005 posse
1410 910 1689 984 dicere:
1742 908 2085 1001 quamvis
2134 907 2271 982 ista
2321 907 2591 981 dixeris
2643 906 2818 981 mihi

475 1040 728 1107 tamen
780 1031 953 1125 quia
1002 1030 1264 1126 potasti
1314 1050 1435 1104 me
1486 1030 1780 1102 Lethaeo
1823 1048 1970 1101 non
2011 1026 2350 1120 memini3
2402 1026 2571 1100 dicit
2620 1028 2814 1121 ipsa:

474 1173 512 1225 e
574 1170 706 1224 son
753 1152 1018 1240 sicura,
1071 1149 1279 1243 quasi
1331 1148 1543 1241 dicat,
1608 1148 1757 1221 scio
1823 1146 2156 1239 firmiter,
2207 1149 2326 1220 che
2384 1149 2430 1220 l’
2456 1167 2685 1239 acqua
2743 1149 2820 1221 di

475 1276 675 1345 Leceo
724 1289 865 1341 non
913 1272 1079 1360 91ἰεὶ
1125 1289 1453 1360 nascose3
1490 1267 1662 1361 quia
1717 1266 1899 1341 tollit
1951 1266 2390 1341 memoriam
2444 1268 2811 1341 malorum

478 1396 764 1466 tantum
819 1396 894 1464 et
933 1408 1081 1463 non
1132 1388 1523 1463 bonorum.
1552 1428 1651 1441 —
1674 1393 1742 1460 E
1768 1391 2108 1462 Beatrice.
2146 1387 2275 1462 Hic
2313 1394 2529 1482 poeta
2570 1393 2819 1462 osten-

475 1510 578 1585 dit
612 1509 927 1603 qualiter
960 1507 1255 1582 Beatrix
1289 1507 1752 1583 excusaverit
1787 1527 1963 1581 eum
1998 1507 2140 1582 alia
2179 1507 2482 1602 ratione,
2510 1513 2584 1581 et
2624 1528 2815 1602 prae-

476 1628 752 1724 ceperit
780 1619 852 1718 (²)
908 1626 1105 1722 quod
1158 1632 1636 1722 mergeretur*
1676 1625 1752 1699 in
1801 1626 1943 1701 alio
2004 1646 2196 1700 novo
2255 1627 2579 1701 flumine.
2632 1626 2818 1701 Dicit

475 1769 704 1844 ergo:
757 1769 796 1820 e
843 1750 1182 1840 Beamce,
1252 1747 1528 1841 supple,
1579 1746 1759 1820 dixit
1820 1746 2182 1820 Mathildi:
2228 1749 2426 1839 forse
2484 1749 2817 1838 mayqior

475 1890 679 1962 cura,
736 1867 909 1960 quia
960 1866 1134 1941 vidit
1181 1872 1432 1961 postea
1473 1872 1582 1939 tot
1617 1865 1978 1940 mirabilia
2021 1887 2312 1961 magna,
2349 1867 2537 1941 sicut
2589 1866 2817 1941 victo-

465 2001 640 2062 ·rem
709 1986 1139 2078 exercitum,
1202 2004 1512 2059 currum
1583 1985 2126 2079 triumphalem,
2204 1985 2470 2060 ducem
2547 1986 2816 2058 trium-

476 2110 824 2204 phantem
876 2111 949 2179 et
1002 2104 1171 2178 talia
1224 2105 1494 2198 multa;
1549 2105 1712 2179 ideo
1772 2105 1982 2179 dicit:
2044 2108 2164 2179 che
2221 2128 2451 2199 spesse
2510 2108 2685 2178 volte
2745 2108 2819 2178 [a

479 2228 818 2300 memoria
861 2228 1099 2318 pm’va,
1156 2225 1562 2318 actualiter,
1618 2228 1796 2317 fatto
1853 2227 1948 2297 ha
1998 2228 2073 2298 la
2121 2232 2339 2298 mente
2392 2245 2549 2319 sua,
2608 2225 2815 2318 idest,

478 2346 643 2421 Fecit
685 2345 1121 2419 memoriam
1162 2344 1434 2437 DantiS,
1468 2347 1652 2435 neyli
1683 2347 1876 2417 ocelli
1906 2365 2189 2437 oscura,
2226 2352 2300 2420 et
2343 2345 2540 2439 quod
2592 2345 2813 2419 habet

479 2465 555 2538 in
587 2465 948 2539 memoria
981 2464 1236 2539 videre
1270 2483 1415 2536 non
1450 2463 1715 2558 credit3
1752 2464 1880 2538 sed
1914 2464 2006 2540 de
2048 2466 2189 2539 hoc
2230 2486 2374 2539 non
2410 2467 2653 2560 plura:
2692 2487 2811 2539 ma

480 2588 637 2659 vedi
683 2580 927 2659 Eume
969 2587 1088 2657 che
1120 2575 1192 2658 ἰὰ
1224 2586 1484 2679 diriva,
1531 2589 1787 2658 contra
1830 2585 2156 2680 Lethem,
2194 2588 2467 2658 menalo
2503 2588 2602 2659 ad
2633 2607 2812 2677 esse,

479 2726 528 2780 o
575 2704 948 2798 Mathildis,
998 2725 1036 2775 e
1083 2706 1408 2793 ravviva,
1460 2703 1663 2797 idest,
1723 2704 2100 2797 resuscita,
2164 2704 2502 2800 revigora
2558 2710 2638 2778 ut
2687 2704 2815 2779 fiat

478 2823 954 2919 susceptibilis
987 2822 1258 2896 summi
1297 2822 1489 2915 boni,
1528 2826 1598 2895 la
1635 2818 1816 2896 virt&
1847 2843 1980 2895 sua
2014 2827 2440 2914 tramortila,
2468 2844 2614 2898 non
2643 2822 2816 2896 dicit

480 2950 876 3035 mortuam,
929 2942 1055 3017 sed
1106 2943 1277 3035 quia
1326 2942 1670 3017 dormivit
1703 2941 1796 3015 ad
1832 2950 2145 3036 tempuS‚
2186 2964 2376 3015 come
2421 2950 2491 3016 tu
2524 2946 2616 3015 se’
2642 2963 2817 3034 usa5

479 3082 653 3136 nam
703 3061 1026 3136 officium
1091 3067 1303 3134 tuum
1356 3067 1467 3135 est
1529 3061 1887 3136 reducere
1946 3062 2383 3136 memoriam
2446 3062 2810 3135 bonarum

479 3180 1027 3276 operationum5
1063 3200 1244 3275 ergo
1281 3180 1466 3254 vade
1498 3185 1571 3253 et
1616 3179 1778 3253 lava
1826 3180 2066 3273 ipsum
2102 3186 2175 3254 et
2209 3187 2378 3274 pota
2414 3180 2488 3253 in
2523 3182 2662 3255 hoc
2697 3201 2816 3256 se-

479 3301 719 3377 cundo
745 3301 1072 3393 flumine,
1097 3299 1284 3374 sicut
1313 3299 1539 3373 fecisti
1566 3298 1638 3370 in
1659 3298 1915 3393 primo.
1942 3299 2028 3371 Et
2053 3298 2296 3372 subdit
2322 3300 2636 3393 qualiter
2662 3301 2819 3374 Ma-

477 3421 717 3495 thildis
765 3420 1111 3495 continuo
1162 3418 1331 3493 fecit
1380 3415 1955 3511 exequutionem
2019 3418 2341 3493 mandati
2392 3439 2522 3513 per
2589 3439 2813 3492 unam

478 3541 796 3613 nobilem
848 3538 1492 3634 comparationem,
1529 3558 1699 3631 quae
1744 3537 2069 3613 breviter
2119 3544 2261 3611 stat
2303 3537 2376 3610 in
2418 3539 2579 3632 hoc,
2616 3538 2814 3631 quod

476 3658 829 3734 Mathildis
879 3659 1045 3734 fecit
1093 3660 1280 3733 sicut
1329 3657 1588 3731 nobilis
1638 3657 1897 3731 ancilla
1944 3676 2113 3751 quae
2151 3678 2300 3731 non
2353 3663 2463 3732 est
2513 3677 2726 3731 serva
2767 3677 2813 3730 a

476 3784 772 3873 natura,
807 3780 924 3854 vel
959 3779 1274 3871 fortuna,
1311 3778 1428 3851 vel
1462 3778 1649 3873 lege,
1685 3774 1811 3849 sed
1846 3774 2312 3850 solummodo
2363 3795 2453 3850 ex
2510 3794 2689 3849 vero
2741 3783 2817 3849 et

479 3899 763 3974 sincero
811 3919 1071 3974 amore
1119 3918 1344 3991 quem
1394 3897 1615 3971 habet
1663 3896 1756 3970 ad
1809 3895 2139 3992 reginam
2179 3896 2545 3969 excelsam
2583 3894 2815 3968 libeu-

478 4025 593 4094 ter
627 4025 701 4093 et
736 4025 1072 4114 prompte
1105 4016 1261 4091 sine
1291 4016 1442 4089 ulla
1481 4035 1691 4089 mora
1724 4015 2069 4110 adimplet
2104 4014 2295 4089 illius
2341 4014 2818 4106 voluntatem,

480 4139 804 4213 maxime
852 4138 1149 4233 quando
1183 4136 1599 4232 praecipitur
1650 4135 1785 4209 sibi
1827 4155 1946 4210 res
1989 4134 2496 4210 honestissima
2530 4153 2665 4229 pro
2699 4152 2816 4206 sa-

479 4258 644 4333 lute
685 4258 1009 4351 alterius,
1052 4256 1239 4331 sicut
1272 4261 1433 4330 erat
1467 4255 1540 4327 in
1574 4255 1912 4350 praesenti
1949 4254 2337 4350 proposito.
2379 4253 2566 4327 Dicit
2599 4272 2817 4347 ergo:

480 4380 566 4451 la·
607 4377 783 4450 bella
830 4379 1094 4471 donna,
1151 4384 1227 4452 et
1274 4375 1488 4451 cuius
1536 4394 1762 4469 opera
1813 4375 2068 4469 pulcra
2120 4381 2310 4469 sunt,
2366 4377 2650 4446 mossesi
2691 4375 2817 4465 poi

604 4634 661 4699 (ν’)
696 4638 803 4695 ¹117,
837 4636 957 4698 quin
989 4639 1141 4699 poeta
1172 4635 1325 4686 ωηο.
1869 4632 1924 4694 (¹)
1958 4633 2019 4683 Ε.
2052 4633 2312 4697 pracepit.
