3734 5567
1311 496 1595 551 esurus
1642 495 2002 562 omarus.
2678 484 2821 554 383

477 643 762 718 literam
798 640 1077 716 autoris
1121 639 1369 733 nostri,
1407 640 1604 733 quod
1641 640 1792 735 ipse
1827 639 2027 734 ponit
2053 633 2129 732 (¹)
2165 641 2305 715 hoc
2350 662 2482 736 per
2521 643 2823 719 modum

476 760 1070 857 comparationiS,
1119 780 1265 833 non
1315 758 1685 855 positionis
1739 758 2382 834 vera—Porclaca&
2424 762 2554 836 Hic
2606 771 2824 837 autor

477 883 786 978 applicat
820 882 1044 956 dictas
1077 879 1661 974 comparationes
1695 878 1786 955 ad
1821 879 2300 973 propositum,
2329 888 2405 955 et
2436 880 2607 956 dicit
2644 883 2820 959 bre-

480 1004 669 1079 viter
720 1002 915 1097 quod
967 1002 1118 1097 ipse
1166 999 1241 1073 in
1291 999 1504 1073 simili
1554 1004 1751 1074 stans
1799 1018 2195 1092 suspensus
2246 998 2435 1075 inter
2484 1004 2634 1076 duo
2684 1024 2818 1078 sua

482 1123 703 1200 dubia
780 1142 925 1195 non
1001 1125 1287 1216 poterat
1359 1139 1788 1215 praeponere
1854 1120 2174 1194 alterum
2238 1119 2589 1214 ipsorum,
2658 1123 2825 1198 licet

483 1248 673 1318 esset
722 1240 1181 1316 avidissimus
1232 1238 1630 1334 quaerendi.
1684 1238 1891 1313 Unde
1939 1238 2147 1313 dicit:
2190 1242 2517 1313 Perclz'io
2549 1262 2691 1315 non
2730 1247 2826 1316 mi

480 1364 844 1455 riprende,
904 1361 1105 1454 idest,
1160 1381 1304 1434 non
1355 1379 1622 1433 accuso
1660 1379 1803 1451 me,
1838 1355 1932 1433 ne*
1973 1362 2404 1450 commendo,
2448 1360 2651 1455 idest,
2688 1383 2825 1438 nec

482 1479 700 1554 laudo
755 1500 898 1573 me,
946 1483 1090 1553 s’io
1139 1481 1447 1571 sospinto
1493 1481 1668 1552 dalli
1715 1482 1849 1550 mei
1896 1480 2152 1571 dubbii,
2204 1479 2408 1573 idest,
2462 1480 2825 1577 incitatuS‚

486 1602 839 1697 impulsus
871 1622 916 1676 a
951 1602 1242 1675 duobus
1274 1599 1513 1673 dubiis
1545 1599 2102 1692 subscribendiS,
2138 1603 2315 1674 ἄνω
2350 1605 2585 1692 modo,
2622 1602 2824 1697 idest,

482 1722 883 1814 aequaliter,
933 1725 1003 1794 io
1052 1725 1148 1794 mi
1196 1729 1415 1813 tacea,
1463 1719 1636 1793 nibil
1687 1718 1934 1793 dicens
1960 1711 2062 1812 (²),
2102 1725 2232 1813 poi
2277 1723 2379 1793 αι’
2405 1743 2536 1795 em
2583 1744 2820 1796 neces-

484 1842 709 1933 sario,
765 1839 1055 1935 scilicet,
1110 1860 1231 1915 me
1304 1846 1552 1913 tacere
1609 1858 1700 1912 ex
1769 1859 1919 1933 quo
1980 1860 2126 1913 non
2193 1844 2524 1934 poteram
2582 1842 2827 1935 loqui3

487 1959 649 2034 ideo
697 1959 975 2034 subdit:
1027 1962 1100 2032 io
1149 1962 1246 2031 mi
1294 1966 1515 2051 tacea,
1573 1958 1843 2032 scilicet
1892 1978 2067 2032 cum
2104 1959 2377 2056 lingua,
2420 1981 2538 2033 ma
2586 1964 2642 2033 il
2688 1965 2829 2035 mio

485 2083 687 2170 disir,
740 2079 1235 2172 intrinsecum,
1288 2081 1532 2151 m’era
1582 2081 1873 2170 dipinto,
1924 2078 2130 2172 idest,
2178 2086 2432 2173 patens
2480 2086 2556 2154 et
2604 2101 2829 2175 appa-

487 2221 680 2293 renS,
731 2222 770 2273 e
794 2203 843 2272 ’l
889 2202 1274 2273 ‹limandar
1323 2219 1456 2271 con
1504 2200 1660 2287 ello,
1714 2198 1919 2291 idest,
1961 2205 2035 2271 et
2083 2198 2333 2293 petitio
2383 2199 2603 2272 simul
2653 2220 2827 2274 cum

485 2319 844 2394 desiderio
895 2318 1417 2414 explicabatur,
1468 2320 1586 2391 nel
1631 2320 1807 2407 viso,
1857 2316 2040 2391 idest
2086 2317 2160 2394 in
2212 2318 2416 2412 facie,
2467 2321 2664 2391 αεεαι·
2702 2315 2833 2411 pit}

486 2441 718 2526 οαιάο,
788 2438 991 2531 idest,
1043 2437 1441 2513 ferventius
1502 2443 1573 2511 et
1637 2435 2131 2528 affectuosiuS‚
2181 2438 2302 2510 che
2366 2440 2647 2511 distinlo
2698 2460 2832 2531 per

482 2560 770 2651 parlar,
826 2558 1028 2652 idest,
1081 2578 1304 2651 quam
1357 2556 1413 2630 si
1466 2576 1606 2652 ego
1657 2556 2131 2650 explicassem
2187 2556 2449 2631 verbis.
2479 2551 2827 2631 —Fe'si.

488 2678 697 2753 Nunc
747 2678 1016 2751 Dantes
1066 2676 1367 2751 intendit
1419 2676 1887 2751 manifestare
1949 2697 2081 2750 sua
2146 2676 2402 2770 dubia3
2465 2682 2540 2751 et
2590 2678 2831 2771 primo

487 2803 787 2892 apparat
837 2797 1246 2871 Beatricem
1297 2796 1391 2870 ad
1441 2796 1579 2871 boc
1632 2816 1763 2891 per
1815 2796 2134 2873 nobilem
2179 2795 2826 2891 comparationem.

485 2918 591 2992 Ad
657 2919 871 2993 cuius
937 2916 1504 2992 declarationem
1575 2923 1686 2990 est
1756 2916 2290 3011 praesciendum
2360 2916 2580 3010 quod,
2645 2915 2832 2989 sicut

486 3038 835 3132 scriptum
888 3042 1000 3111 est
1049 3035 1463 3132 Purgatorii
1513 3034 1834 3130 capitulo
1869 3037 2088 3130 xxu,
2138 3035 2390 3110 Daniel
2441 3034 2716 3130 positus
2758 3034 2832 3113 iu

486 3158 901 3252 captivitate
962 3156 1633 3231 Nabuchodonosor
1689 3155 1883 3252 regis
1934 3157 2387 3253 assyriorum
2457 3156 2529 3230 in
2590 3156 2834 3252 Baby-

488 3279 702 3372 Ionia,
752 3278 942 3353 sicut
992 3277 1305 3352 babetur
1357 3277 1671 3351 Danielis
1720 3278 2066 3371 secundo,
2119 3278 2373 3352 habuit
2424 3277 2834 3374 intelligen-

491 3399 665 3473 tiam
716 3398 1050 3473 omnium
1105 3397 1466 3471 visionum
1503 3401 1576 3471 et
1609 3396 2103 3490 somniorum3
2139 3419 2290 3491 quo
2330 3404 2663 3493 tempore
2701 3417 2832 3472 rex

493 3518 645 3613 ipse
695 3518 862 3593 fecit
913 3516 1244 3591 mirabile
1292 3516 1713 3609 somnium3
1767 3517 1966 3610 quod
1999 3537 2172 3591 cum
2210 3518 2323 3591 sui
2364 3517 2726 3611 sapientes
2760 3523 2835 3591 et

490 3638 930 3712 divinatores
981 3636 1342 3712 nescirent
1396 3656 1747 3711 revocare
1797 3637 1891 3710 ad
1946 3637 2380 3711 memoriam
2417 3636 2577 3710 eius
2624 3658 2835 3711 man-

488 3757 688 3833 davit
735 3777 993 3831 omnes
1043 3755 1367 3831 interfici.
1434 3757 1637 3831 Tunc
1699 3756 1953 3831 Daniel
2023 3757 2374 3832 revelavit
2437 3757 2831 3850 somnium,

490 3877 843 3972 videlicet,
897 3878 1093 3972 quod
1149 3897 1276 3951 rex
1332 3876 1613 3951 viderat
1662 3884 1979 3951 statuam
2034 3877 2203 3952 altae
2251 3883 2576 3969 staturae,
2619 3876 2833 3951 cuius

490 4005 707 4093 caput
756 4002 918 4072 erat
964 4019 1061 4074 ex
1096 4015 1309 4088 auro,
1346 4001 1598 4090 pectus
1633 4003 1708 4071 et
1742 3996 2041 4070 brachia
2075 4017 2167 4071 ex
2203 4003 2536 4091 argento,
2573 4005 2832 4071 venter

494 4122 565 4189 et
615 4117 891 4191 femora
945 4138 1039 4192 ex
1077 4136 1311 4208 ramo,
1349 4114 1541 4188 tibiae
1589 4115 1849 4189 ferreae
1898 4135 2070 4189 cum
2106 4115 2432 4209 pedibus,
2469 4114 2596 4189 sed
2637 4135 2833 4189 unus

492 4235 885 4330 digitorum
935 4243 1097 4312 erat
1145 4236 1452 4327 ferrem,
1506 4235 1693 4309 alter
1744 4241 2075 4309 terreus:
2132 4235 2421 4310 interim
2476 4235 2652 4330 lapis
2704 4255 2835 4309 ve·-

493 4354 697 4429 niens
746 4354 837 4428 de
890 4362 1138 4428 monte
1188 4355 1344 4429 sine
1396 4352 1732 4426 manibus
1784 4355 2139 4449 percussit
2198 4354 2419 4450 pedes
2477 4360 2551 4429 et
2603 4359 2830 4429 totam

616 4612 674 4678 (¹)
705 4619 752 4676 ι,
785 4615 932 4677 ponit
963 4614 1092 4665 boc.
1487 4611 1543 4677 (¹)
1579 4615 1637 4665 B.
1669 4615 1797 4666 nibil
1829 4616 2063 4668 dicendo.
