3734 5567
847 479 990 546 406
1632 485 2042 541 commun
2091 486 2424 539 mrumst

842 635 935 710 sit
985 654 1231 727 senex,
1283 632 1537 706 debilis
1588 632 1705 706 vel
1758 630 2130 726 infirmus,
2184 632 2299 705 vel
2351 632 2410 704 si
2463 652 2553 706 ex
2591 631 2812 726 ipsius
2864 632 3195 708 absentia

842 755 1165 828 turbatio
1216 753 1569 827 timeatur
1619 752 1967 827 interra.
2006 752 2212 827 Unde
2245 752 2439 827 circa
2476 753 2799 847 primum
2842 753 3191 829 admonet

838 895 995 968 n05,
1046 875 1330 949 dicens:
1384 894 1503 945 ma
1565 874 1796 966 alcun,
1855 872 1983 965 qui
2035 878 2291 946 votum
2346 871 2621 966 fecerit,
2671 893 2818 945 non
2868 879 3192 947 trasmuti

838 1001 1143 1087 temere,
1196 1013 1434 1083 carco,
1486 992 1691 1086 idest,
1745 997 2025 1086 votum,
2079 992 2279 1085 quod
2338 998 2447 1066 est
2504 1013 2734 1088 grave
2773 1013 2987 1086 onuS,
3038 997 3187 1066 alla

832 1134 966 1187 sua
1014 1116 1267 1206 spana,
1323 1112 1509 1207 licet,
1561 1118 1821 1208 gravet
1873 1132 2074 1205 eum,
2107 1134 2242 1205 per
2290 1133 2419 1185 suo
2461 1114 2784 1203 arbitria,
2825 1113 3022 1207 quod
3072 1123 3183 1188 est

835 1236 1176 1328 liberum,
1228 1255 1444 1307 senza
1497 1236 1570 1307 la
1622 1237 1807 1306 volta
1858 1236 2044 1307 della
2085 1236 2319 1307 cleiavc
2353 1234 2632 1324 bianca,
2671 1234 2875 1327 idest,
2909 1254 3182 1329 argen-

830 1360 973 1448 tea,
1026 1375 1064 1426 e
1112 1356 1294 1427 della
1343 1355 1589 1445 yialla,
1626 1353 1830 1448 idest,
1865 1373 2123 1446 aurea,
2173 1353 2383 1447 quasi
2425 1353 2638 1446 dicat,
2696 1355 2851 1428 sine
2894 1354 3177 1428 licentia

829 1473 1161 1571 pastoriS,
1198 1474 1325 1567 qui
1378 1473 1643 1547 habeat
1693 1472 2165 1547 autoritatem
2203 1479 2279 1547 et
2318 1472 2695 1547 scientiam
2745 1472 3065 1548 solvendi
3100 1482 3176 1547 et

829 1594 1120 1691 ligandi,
1171 1614 1341 1688 quae
1391 1593 1808 1688 figurantur
1835 1587 1909 1684 (¹)
1965 1592 2039 1665 in
2093 1592 2443 1685 clavibuS,
2495 1592 2684 1666 sicut
2735 1600 2936 1688 patet
2981 1613 3175 1666 nono

827 1713 1142 1808 capitulo
1171 1714 1273 1786 Pu
1288 1712 1813 1808 rgatorii.—E.
1844 1713 1976 1786 Hic
2001 1712 2294 1787 Beatrix
2326 1712 2557 1808 tangit
2584 1713 2982 1787 secundam
3011 1734 3170 1787 rem

826 1833 1251 1926 requisitam
1304 1831 1397 1906 ad
1451 1839 1732 1925 votum,
1787 1832 2080 1925 scilicet,
2137 1833 2742 1928 meliorationem,
2796 1834 3075 1909 dicens:
3114 1841 3181 1907 E

823 1955 1016 2026 credi
1047 1960 1144 2043 tu,
1179 1952 1307 2047 qui
1352 1952 1455 2025 vis
1492 1952 2108 2045 permutationem
2143 1943 2217 2044 (²)
2257 1953 2655 2047 impetrare
2687 1974 2731 2026 a
2769 1954 3169 2046 sacerdote,

821 2075 991 2162 oqm'
1032 2077 1502 2163 permutanza
1535 2073 1805 2160 sciolta,
1852 2073 2132 2166 supple,
2171 2092 2355 2167 esse,
2390 2095 2464 2146 se
2506 2077 2579 2145 la
2628 2094 2796 2146 cosa
2845 2076 3166 2164 dimessa,

820 2212 989 2285 quae
1035 2197 1195 2263 erat
1243 2196 1415 2263 vota
1473 2190 1585 2263 vel
1637 2191 2016 2285 promissa,
2055 2213 2198 2265 non
2230 2188 2272 2266 e*
2315 2198 2652 2284 raccolta,
2696 2194 2900 2288 idest,
2937 2194 3168 2269 conti-

820 2317 1063 2403 netur,
1116 2313 1190 2382 in
1240 2313 1312 2384 la
1361 2331 1724 2402 sorpresa,
1766 2311 1971 2405 idest,
2019 2312 2113 2388 de
2163 2334 2356 2388 novo
2407 2320 2781 2410 assumpta
2832 2336 2877 2390 a
2930 2316 3161 2407 simili,

819 2451 1013 2503 come
1037 2433 1088 2504 'l
1116 2438 1397 2524 quaccro
1435 2434 1553 2504 nel
1597 2434 1719 2523 sei,
1772 2431 1977 2525 idest,
2014 2433 2203 2506 sicut
2242 2454 2603 2508 numerus
2645 2435 3160 2527 quaternarius

818 2551 1461 2646 comprehenditur
1486 2551 1625 2624 sub
1653 2550 1942 2625 senario
1980 2573 2296 2627 numero
2330 2553 2591 2627 maiori
2619 2561 2691 2628 et
2719 2555 3126 2648 perfectiori
3139 2581 3158 2648 ;

815 2671 1024 2764 quasi
1089 2672 1303 2765 dicat,
1358 2671 1490 2744 nisi
1561 2692 1679 2746 res
1741 2680 2117 2767 assumpta
2190 2675 2428 2748 valeat
2486 2676 2805 2748 alterum
2874 2683 3156 2749 tantum

813 2812 988 2865 cum
1041 2792 1358 2866 dimidio.
1395 2793 1483 2864 Et
1520 2791 1681 2866 ideo
1722 2793 1920 2866 addit
1961 2814 2197 2866 unum
2241 2794 2583 2887 notabile,
2627 2794 2923 2889 scilicet,
2966 2796 3158 2889 quod

811 2912 905 2987 de
956 2934 1038 2988 re
1087 2913 1360 3008 optima
1415 2933 1559 2985 non
1612 2918 1851 3007 potest
1904 2911 2062 2986 fieri
2113 2914 2596 2988 commutatio
2634 2915 2704 2987 in
2747 2922 2941 3008 voto,
2987 2916 3156 3010 quia

811 3032 983 3106 nibil
1039 3034 1405 3127 reperitur
1459 3032 1723 3106 melius
1774 3033 1895 3108 vel
1929 3053 2145 3128 aeque
2187 3035 2492 3128 bonum,
2528 3034 2717 3109 sicut
2767 3057 2941 3109 cum
2995 3036 3154 3130 quis

810 3152 1010 3225 vovit
1060 3158 1134 3225 et
1184 3151 1540 3226 dedicavit
1589 3172 1799 3225 suam
1855 3154 2309 3229 voluntatem
2363 3155 2668 3228 liberam
2723 3155 2896 3229 Deo.
2955 3155 3155 3231 Unde

810 3268 1024 3343 dicit:
1070 3262 1249 3361 perd
1314 3273 1705 3362 qualunque
1768 3292 1936 3344 cosa
2006 3279 2194 3346 tanco
2251 3295 2456 3368 pesa,
2528 3274 2732 3368 idest,
2800 3282 2912 3350 est
2976 3276 3150 3349 tanti

808 3389 1042 3485 pretii,
1088 3411 1219 3480 per
1267 3410 1394 3462 suo
1446 3394 1676 3482 valor,
1713 3392 1919 3486 idest,
1973 3393 2318 3487 bonitate,
2363 3396 2483 3467 clze
2523 3402 2782 3486 lraqqa
2833 3399 3004 3486 oqui
3047 3397 3149 3467 bi-

806 3512 1062 3603 lancia,
1122 3510 1324 3604 idest,
1379 3512 1889 3605 praeponderet
1936 3514 2280 3587 omnibus
2320 3514 2477 3588 aliis
2514 3517 2757 3609 rebuS,
2793 3518 2966 3608 quia
3003 3538 3147 3590 non

805 3631 1172 3727 reperitur
1221 3631 1362 3705 alia
1415 3653 1534 3706 res
1568 3638 1717 3706 tam
1746 3634 1929 3728 justi
1965 3635 2325 3729 ponderis,
2359 3656 2507 3707 non
2538 3640 2601 3707 si
2621 3629 2769 3728 pao
2799 3640 3149 3730 sodissare

800 3771 934 3824 con
983 3754 1174 3825 altra
1220 3772 1452 3844 spesa,
1507 3752 1710 3846 idest,
1747 3752 1993 3847 aliqua
2045 3754 2637 3849 compensatione
2691 3755 2807 3828 vel
2858 3755 3145 3851 dispen-

799 3872 1101 3966 satione,
1174 3872 1362 3946 sicut
1427 3879 1537 3947 est
1605 3881 1862 3947 votum
1937 3874 2433 3966 continentiae,
2497 3896 2647 3967 qua
2713 3874 2813 3947 nil
2882 3875 3142 3949 melius

801 3993 1214 4086 reperitur3
1276 3991 1474 4067 unde
1549 3993 2087 4089 Hieronymus:
2167 3997 2438 4086 Nupliae
2513 3997 2783 4086 replent
2851 4001 3140 4084 terram,

797 4116 1164 4203 virmnicas
1204 4117 1647 4186 Paradisum.
1695 4114 1783 4185 Et
1833 4113 1950 4187 hic
2002 4120 2197 4208 nota,
2251 4114 2450 4208 quod
2503 4116 2641 4189 hoc
2695 4114 2922 4210 tangit
2955 4116 3141 4189 Con-

797 4235 1138 4309 stantiam
1203 4240 1277 4307 et
1334 4233 1807 4326 Pichardam3
1872 4239 2122 4306 tamen
2181 4232 2274 4307 ad
2337 4235 2888 4309 excusationem
2950 4236 3140 4310 Con-

796 4351 1079 4428 stantiae
1128 4351 1508 4425 dicebatur
1566 4351 1761 4444 quod
1817 4372 1950 4444 pro
2001 4351 2195 4425 bono
2254 4354 2461 4448 regni
2515 4355 2771 4429 Siciliae
2831 4356 2971 4429 hoc
3029 4354 3139 4429 fa—

916 4613 971 4675 (¹)
1003 4612 1063 4664 E.
1096 4611 1369 4675 figuratur.
1686 4609 1739 4674 (²)
1771 4611 1831 4661 E.
1866 4614 2302 4675 permutationem
2325 4615 2431 4666 voti
2450 4616 2749 4676 impetrare.
