3734 5567
1420 505 1695 561 CANTUs
1745 507 2031 560 paunus.
2752 497 2892 562 327

552 663 800 730 tamen
844 655 1000 749 jam
1055 651 1549 747 pervenissem
1595 651 1684 725 ad
1720 650 2017 744 coelum,
2045 647 2170 742 pite
2198 656 2308 745 sui
2355 657 2648 744 irretitO,
2687 652 2891 746 idest,

550 776 991 869 illaqueatus
1042 772 1118 845 in
1169 777 1349 864 rete,
1385 773 1634 844 denlro
1669 773 1768 843 ad
1799 776 1896 842 'zm
1935 790 2190 861 unove,
2226 774 2504 867 supple,
2539 773 2893 867 dubium3

550 918 588 968 e
635 898 846 969 dissi.-
898 884 1020 984 ,qia
1068 893 1375 984 requievi
1422 898 1763 980 οοηεεηιο,
1830 890 2019 966 sicut
2073 891 2227 984 Jam
2298 894 2735 987 praedixerat
2801 894 2895 968 ad

455 1077 462 1082 .
551 1014 1029 1110 quietandum
1068 1012 1399 1088 animum
1438 1018 1924 1105 commotum,
1954 1013 2029 1083 di
2049 1014 2326 1101 ,qrande
2358 1017 2894 1104 ammirazione,

552 1137 708 1213 soni
735 1143 807 1211 et
832 1133 1127 1208 luminis
1153 1131 1425 1227 magni,
1447 1153 1566 1204 ma
1591 1152 1728 1204 ora
1755 1134 2086 1223 ammiro,
2112 1131 2368 1205 maiori
2388 1134 2890 1228 admiratione,

551 1260 725 1330 com’
748 1259 820 1329 io
855 1256 1228 1328 trascenda
1268 1256 1484 1343 questi
1514 1256 1714 1344 corpi
1746 1255 1925 1344 lievi,
1964 1252 2167 1345 idest,
2203 1272 2512 1347 corpora
2549 1255 2891 1349 coelestia,

552 1399 724 1452 cum
777 1377 912 1450 sim
965 1376 1208 1450 adhuc
1241 1363 1413 1448 cum
1457 1393 1770 1469 corpore
1805 1372 2136 1447 terrestri
2178 1374 2407 1470 gravi.
2447 1375 2532 1446 Et
2574 1374 2688 1449 hic
2724 1384 2893 1454 nota

553 1497 750 1593 quod
801 1497 1072 1571 coelum
1128 1516 1275 1570 non
1317 1500 1429 1570 est
1463 1494 1806 1588 calidum,
1844 1513 1982 1568 nec
2018 1493 2389 1589 frigidum,
2427 1514 2561 1568 nec
2597 1495 2893 1590 siccum,

552 1639 688 1693 nec
731 1617 1138 1710 humidum,
1177 1635 1314 1690 nec
1347 1616 1533 1710 leve,
1571 1635 1708 1689 nec
1743 1615 2262 1710 ponderosum,
2297 1615 2484 1689 sicut
2534 1618 2897 1692 elementa

554 1738 878 1813 subiecta
933 1738 1065 1811 sibi
1103 1757 1271 1831 quae
1306 1741 1582 1829 movet,
1619 1734 2013 1831 permiscet
2047 1741 2121 1809 et
2154 1735 2723 1830 complexionat3
2767 1737 2891 1811 sed

555 1865 775 1933 autor
823 1858 1134 1952 appellat
1186 1857 1454 1931 coelum
1509 1856 1695 1948 leve,
1749 1854 1922 1949 quia
1975 1859 2085 1929 est
2136 1875 2359 1949 super
2407 1875 2631 1929 omne
2678 1856 2895 1949 leve3

555 1999 727 2052 nam
763 1978 949 2074 ignis
989 1983 1098 2051 est
1139 1977 1559 2072 simpliciter
1600 1976 1779 2050 levis
1812 1999 1832 2069 3
1877 1976 1995 2050 vel
2030 1975 2144 2050 dic
2189 1976 2373 2069 leve,
2418 1976 2589 2069 quia
2624 1998 2896 2071 purum

553 2098 1039 2173 immateriale
1091 2096 1546 2173 velocissime
1596 2103 1965 2190 movetur,
2031 2097 2149 2171 vel
2201 2116 2486 2191 expone
2545 2097 2708 2171 leve
2765 2116 2900 2192 pro

555 2219 832 2294 leviter.
863 2260 962 2272 —
998 2221 1177 2292 Ond'
1203 2222 1357 2292 ella.
1411 2217 1542 2291 Hic
1592 2217 1861 2291 Dantae
1895 2217 2099 2312 ponit
2132 2217 2676 2312 responsionem
2714 2217 2901 2291 Bea-

555 2339 752 2413 tricis
802 2359 971 2432 quae
1022 2338 1234 2412 solvit
1285 2339 1522 2433 ipsum
1574 2337 1910 2411 dubium.
1963 2339 2049 2411 Et
2099 2337 2338 2433 primo
2391 2337 2622 2432 tangit
2661 2336 2903 2432 dispo-

554 2458 889 2531 sitionem
959 2457 1306 2547 Beatricis
1376 2477 1554 2553 erga
1625 2476 1727 2551 se,
1797 2477 1965 2550 quae
2037 2457 2130 2531 ad
2196 2456 2521 2553 primum
2592 2456 2897 2531 dubium

557 2576 976 2651 ostenderat
1027 2576 1621 2672 indignationem,
1675 2577 1848 2669 quia
1900 2583 2251 2673 arguerat
2312 2577 2548 2671 ipsum
2613 2576 2706 2651 de
2769 2598 2902 2650 ru-

557 2696 827 2791 ditate3
884 2716 1078 2771 nunc
1128 2716 1309 2773 vero
1359 2696 1452 2770 ad
1502 2696 1910 2771 secundum
1962 2696 2269 2770 dubium
2321 2695 2632 2772 ostendit
2690 2716 2897 2771 com-

552 2817 989 2913 passionem,
1043 2816 1216 2910 quia
1267 2817 1513 2913 arguit
1563 2837 1738 2892 eum
1790 2816 1884 2891 de
1934 2837 2226 2891 errore:
2264 2822 2338 2891 et
2372 2818 2510 2891 hoc
2553 2816 2722 2891 facit
2763 2837 2893 2912 per

553 2938 921 3034 propriam
977 2937 1605 3032 comparationem
1659 2937 1915 3011 matris
1965 2936 2057 3010 ad
2110 2936 2360 3010 filium.
2423 2936 2605 3011 Dicit
2669 2957 2897 3033 ergo:

563 3060 741 3131 Ond'
760 3062 923 3148 ella,
973 3058 1266 3151 scilicet,
1304 3057 1621 3151 Beatrix,
1658 3077 1999 3151 appresso
2031 3059 2100 3130 α’
2125 3077 2222 3128 un
2257 3059 2378 3149 pio
2421 3060 2724 3149 sospiro,
2766 3056 2894 3130 ubi

556 3178 794 3272 primo
823 3178 1084 3252 riserat
1111 3199 1306 3252 nunc
1332 3178 1722 3274 suspiravit
1747 3198 1839 3252 ex
1858 3177 2546 3273 pietatecondolens
2573 3177 2902 3251 humano

553 3297 832 3394 generi,
875 3298 1074 3392 quod
1109 3298 1400 3373 videtur
1453 3299 1798 3395 ignorare
1849 3318 1931 3372 se
1981 3318 2143 3373 esse
2193 3303 2444 3392 aptum
2500 3303 2755 3371 natum
2811 3297 2904 3371 ad

557 3416 997 3513 felicitatem,
1061 3439 1231 3493 cum
1285 3425 1538 3493 tamen
1588 3419 1704 3493 hic
1755 3418 1846 3492 sit
1896 3417 2056 3491 finis
2113 3416 2451 3511 hominiS,
2503 3409 2758 3492 drizzd
2806 3420 2909 3508 ,qu

555 3540 770 3628 occ-Izi,
822 3538 893 3611 in
948 3539 1216 3633 quibus
1267 3540 1589 3616 consistit
1641 3539 2055 3635 pulcritudo
2106 3544 2181 3613 et
2229 3537 2453 3613 decor
2502 3538 2709 3612 istius
2770 3537 2906 3612 do-

560 3657 799 3752 minae,
850 3659 974 3732 sed
1039 3680 1235 3735 nunc
1301 3660 1619 3755 respexit
1684 3665 1915 3752 torve,
1970 3658 2143 3751 quia
2197 3665 2358 3732 erat
2418 3657 2654 3752 irata3
2707 3656 2904 3732 unde

552 3777 762 3853 dicit:
815 3799 949 3852 con
1000 3782 1158 3871 quel
1200 3780 1597 3871 sembiante,
1650 3778 1854 3872 idest,
1915 3783 2214 3872 aspectu
2284 3776 2580 3851 turbato
2642 3798 2734 3851 ex
2795 3777 2905 3852 af-

552 3897 861 3974 fectione
896 3920 1092 3993 cara,
1128 3902 1250 3973 che
1289 3902 1537 3974 madre
1564 3904 1648 3993 sa
1679 3919 1900 3991 sopra
1936 3899 2211 3990 fiyliuol
2240 3899 2491 3987 delirO,
2526 3896 2732 3991 idest,
2774 3898 2900 3992 qui

552 4016 867 4093 delirare
925 4020 1216 4094 videtur
1267 4019 1359 4094 ad
1411 4019 1713 4094 modum
1785 4017 1999 4093 senis.
2065 4016 2284 4091 Deliri
2345 4014 2542 4090 enim
2608 4016 2903 4112 proprie

555 4139 1011 4233 appellantur
1063 4160 1277 4216 senes
1333 4140 1408 4213 in
1460 4139 1727 4232 quibus
1777 4138 2296 4233 distemperata
2348 4141 2459 4210 est
2516 4136 2901 4212 harmonia

557 4255 915 4330 virtutum
980 4258 1434 4353 animalium,
1503 4258 1693 4333 sicut
1761 4259 1833 4331 in
1905 4260 2062 4354 lyra
2132 4257 2420 4331 dissona
2489 4255 2904 4332 discordant

558 4376 852 4451 chordae
914 4398 957 4452 a
1017 4379 1488 4475 proportione
1551 4377 1841 4471 debita3
1907 4383 1981 4452 et
2030 4396 2230 4451 nunc
2280 4382 2494 4472 poeta
2544 4377 2901 4452 delirabat

555 4501 937 4590 tamquam
973 4497 1367 4594 discipulus
1417 4498 1731 4573 discolus
1780 4519 1825 4573 a
1877 4497 2205 4574 doctrina
2252 4497 2505 4571 matris
2539 4517 2713 4571 suae.
2754 4496 2905 4571 Vo-

555 4619 712 4692 lens
764 4624 1016 4693 autem
1074 4618 1204 4693 ista
1257 4620 1373 4714 pia
1419 4626 1656 4694 mater
1711 4639 2065 4694 revocare
2116 4617 2346 4692 filium
2398 4618 2737 4712 delirum,
2788 4617 2904 4690 in-
