3734 5567
826 476 968 543 310
1611 486 2020 542 coum-run
2071 487 2402 541 mmmm

818 633 1042 725 Deus,
1098 630 1224 726 qui
1277 636 1384 705 est
1437 630 1565 703 lux
1603 631 1883 725 mundi,
1919 631 2160 705 oritur
2195 631 2611 706 hominibus
2659 652 2792 727 per
2842 631 3167 707 diversas

819 753 997 847 viaS‚
1051 753 1179 827 sed
1246 751 1616 847 potissime
1679 772 1810 846 per
1875 758 2199 846 quatuor
2260 750 2565 827 virtutes
2627 751 3032 827 cardinales
3096 758 3169 826 et

819 881 967 948 tres
1017 872 1316 947 divinas,
1354 872 1443 945 Et
1476 870 1594 946 hic
1628 878 1802 945 nota
1844 869 2033 945 bene
2069 870 2267 965 quod
2301 870 2663 945 rectitudo
2699 871 2962 945 animae
2998 889 3171 966 per-

816 994 1005 1069 fecta
1057 992 1388 1086 requirit,
1430 990 1629 1086 quod
1664 991 1817 1085 ipsa
1854 989 2300 1065 rectificetur
2340 990 2749 1065 secundum
2796 989 3162 1086 duplicem

817 1113 1105 1206 faciem,
1131 1111 1422 1204 scilicet,
1448 1110 1907 1206 superiorem
1938 1116 2011 1184 et
2052 1109 2500 1205 inferiorem,
2530 1116 2605 1185 et
2633 1116 2970 1206 respectu
3005 1109 3167 1183 finis

819 1239 893 1308 et
945 1239 1285 1327 respectu
1320 1252 1584 1307 eorum
1641 1252 1809 1325 quae
1860 1235 2031 1304 sunt
2079 1229 2172 1304 ad
2225 1229 2488 1324 finem3
2524 1230 2688 1305 ideo
2723 1250 3023 1305 necesse
3056 1236 3168 1304 oet

816 1352 1143 1428 animam
1178 1358 1538 1445 quantum
1591 1349 1683 1424 ad
1734 1349 2193 1445 superiorem
2236 1350 2495 1425 faciem
2542 1349 2615 1423 in
2659 1371 2808 1445 qua
2842 1350 3167 1425 consistit

818 1470 1065 1566 imago
1104 1470 1469 1544 Trinitatis
1502 1477 1800 1544 aeternae
1836 1467 2222 1543 rectificari
2256 1489 2389 1564 per
2425 1476 2574 1543 tres
2610 1469 2918 1545 virtutes
2956 1471 3161 1543 theo-

814 1590 1110 1688 logicaS,
1144 1591 1244 1666 ita
1279 1591 1476 1686 quod
1527 1590 1704 1665 fides
1753 1589 2020 1686 dirigat
2054 1588 2128 1662 in
2161 1609 2456 1664 summe
2489 1609 2758 1664 verum
2791 1589 3158 1666 credendo

814 1717 887 1785 et
937 1710 1434 1804 assentiend03
1485 1730 1649 1804 spes
1699 1709 1774 1782 in
1824 1728 2120 1783 summe
2153 1707 2474 1782 arduum
2528 1707 2879 1782 imitando
2922 1714 2996 1783 et
3030 1729 3163 1782 ex·-

815 1832 1206 1926 pectando;
1248 1831 1515 1905 caritas
1563 1829 1639 1903 in
1689 1849 1983 1903 summe
2018 1829 2298 1903 bonum
2342 1826 2820 1903 desiderando
2874 1835 2947 1902 et
2995 1828 3156 1902 dili-

688 2043 692 2048 ·
816 1950 1080 2048 gendo.
1117 1951 1429 2025 Necesse
1478 1955 1589 2023 est
1638 1948 1859 2023 etiam
1899 1956 2262 2043 quantum
2296 1948 2389 2023 ad
2434 1948 2857 2024 inferiorem
2893 1948 3153 2023 faciem

813 2068 1200 2144 rectificari
1250 2089 1383 2163 per
1433 2073 1755 2162 quatuor
1805 2068 2117 2142 virtutes
2149 2067 2577 2160 cardinaleS‚
2616 2087 2784 2163 quae
2819 2067 3155 2141 ordinant

809 2194 1021 2263 actus
1063 2188 1404 2279 moraleS‚
1439 2186 1532 2260 de
1566 2186 1834 2281 quibus
1866 2192 2266 2261 tractatum
2301 2192 2413 2261 est
2451 2187 2711 2262 totiens
2746 2186 2932 2261 libro
2966 2187 3157 2259 Pur-

809 2307 1073 2404 gatorii
1107 2306 1182 2380 in
1232 2306 1637 2401 prohemi0‚
1671 2312 1745 2381 et
1780 2306 1854 2379 in
1886 2305 2044 2381 aliis
2080 2306 2328 2380 multis
2361 2306 2537 2381 locis
2572 2313 2647 2382 et
2680 2307 3033 2402 capitulis.
3054 2346 3153 2360 —

808 2432 1033 2501 Falto,
1071 2426 1201 2501 Hic
1236 2432 1451 2522 poeta
1484 2427 1988 2521 superextollit
2023 2428 2243 2502 talem
2279 2434 2529 2501 ortum
2572 2449 2794 2502 suum
2837 2429 3155 2523 probans

809 2547 1006 2642 quod
1059 2546 1166 2621 sol
1216 2546 1290 2620 in
1339 2545 1465 2621 tali
1516 2547 1725 2642 signo
1777 2546 2102 2622 maxime
2153 2554 2452 2622 exercet
2510 2548 2861 2622 virtutem
2913 2568 3157 2641 suam,

809 2667 984 2763 quia
1034 2666 1205 2742 facit
1255 2666 1463 2741 nobis
1513 2667 1947 2762 temperiem
2000 2689 2348 2764 magnam
2369 2691 2389 2762 3
2427 2667 2624 2743 unde
2672 2667 2875 2742 dicit:
2914 2674 2988 2743 et
3028 2668 3145 2742 illa

807 2789 1112 2863 lucerna
1172 2786 1453 2881 mundi,
1504 2808 1653 2861 esce
1715 2790 2092 2878 congiunta
2148 2808 2282 2861 con
2346 2791 2628 2879 miqlior
2691 2808 2927 2879 cors-0,
2980 2787 3151 2882 quia

805 2914 982 2982 tunc
1031 2908 1266 2982 currit
1316 2909 1423 2983 sol
1474 2928 1608 3003 per
1661 2907 1988 2982 medium
2025 2907 2215 3001 oceli,
2257 2908 2430 3001 quia
2481 2909 2817 3003 pervenit
2863 2909 2955 2984 ad
3008 2908 3153 2983 cir-

807 3028 1062 3101 culum
1133 3027 1742 3121 aequinoctialem,
1794 3047 1832 3099 e
1880 3046 2008 3100 con
2070 3029 2390 3117 miqliore
2437 3030 2661 3121 stella,
2717 3027 2922 3120 idest,
2975 3048 3152 3103 con-

807 3145 1245 3221 stellatione:
1300 3151 1411 3221 est
1459 3146 1656 3221 enim
1715 3145 1908 3220 aries
1972 3147 2262 3242 signum
2328 3154 2667 3221 constans
2731 3168 2825 3222 ex
2890 3146 3145 3223 decem

811 3271 980 3339 octo
1028 3264 1289 3360 stellis3
1343 3272 1417 3340 et
1469 3272 1640 3340 nota
1692 3265 1891 3360 quod
1925 3265 2133 3362 signa
2184 3266 2445 3341 eodem
2496 3266 2658 3342 loco
2696 3267 3038 3342 oriuntur
3077 3276 3154 3344 et

801 3383 1164 3477 occidunt,
1210 3404 1357 3458 non
1411 3384 1515 3458 sic
1565 3385 1696 3478 sol,
1753 3385 1943 3459 sicut
1993 3385 2242 3460 scribit
2291 3385 2564 3482 Iginius
2614 3385 2706 3461 de
2754 3387 3150 3484 astrologia

802 3503 1105 3599 poetica.
1170 3503 1259 3576 Et
1331 3502 1593 3598 probat
1667 3523 1799 3599 per
1876 3501 2249 3597 effectum,
2300 3503 2586 3579 dicens:
2641 3526 2679 3578 e
2741 3512 3048 3600 tempera
3112 3528 3153 3580 e

799 3626 1113 3715 suqqella
1164 3627 1239 3697 la
1288 3626 1649 3697 mondana
1695 3645 1890 3717 cera,
1941 3623 2148 3718 idest,
2202 3624 2590 3699 materiam
2632 3626 3145 3702 elementalem

800 3742 1250 3837 inferiorem,
1300 3764 1525 3837 quam
1578 3749 1798 3817 autor
1848 3742 2350 3838 metaphorice
2399 3743 2717 3838 appellat
2757 3765 3032 3839 ceram,
3069 3752 3145 3820 et

797 3865 1253 3963 dignissime:
1292 3865 1401 3940 sol
1451 3865 1644 3940 enim
1691 3871 2075 3958 tamquam
2114 3864 2434 3961 sigillum
2474 3871 2838 3939 aeternum
2875 3865 3149 3941 immu-

799 3985 1014 4061 tabile
1064 3985 1418 4081 imprimit
1452 3985 1803 4059 virtutem
1848 4005 2060 4058 suam
2098 3982 2172 4056 in
2211 3983 2432 4058 talem
2476 3984 2863 4058 materiam
2903 3991 3148 4060 muta-

796 4105 1016 4182 bilem
1069 4105 1163 4180 ad
1212 4105 1521 4180 modum
1572 4124 1788 4179 cerae.
1832 4104 2036 4178 Sicut
2073 4104 2272 4178 enim
2313 4123 2488 4178 cera
2521 4123 2670 4177 non
2704 4103 2918 4178 nimis
2958 4104 3146 4180 dura

798 4245 932 4300 nec
982 4223 1198 4297 nimis
1249 4224 1545 4319 liquida,
1579 4223 1708 4299 sed
1746 4222 2131 4317 aequaliter
2179 4228 2593 4318 temperata
2632 4224 2887 4319 recipit
2936 4224 3147 4321 sigilli

799 4341 1379 4438 impressionem,
1420 4343 1523 4418 ita
1558 4343 1695 4417 ista
1737 4341 2050 4416 materia
2083 4340 2520 4419 adveniente
2561 4342 2919 4438 temperie
2952 4343 3148 4418 veris

799 4462 1052 4557 recipit
1101 4461 1539 4536 infusionem
1590 4460 1784 4554 solis,
1821 4467 1896 4535 et
1942 4467 2116 4536 tunc
2168 4467 2368 4535 terra
2420 4460 2674 4557 recipit
2725 4461 3011 4537 diversa
3047 4461 3142 4536 si-

797 4602 968 4679 gna,
1019 4588 1093 4656 et
1141 4578 1345 4655 dicit:
1383 4602 1433 4653 a
1478 4601 1606 4653 suo
1640 4583 1876 4674 mode,
1917 4579 2123 4674 idest,
2158 4600 2296 4655 suo
2337 4581 2863 4656 moderamine.
2900 4582 2988 4654 Et
3025 4581 3142 4656 hic
