3734 5567
1324 512 1600 569 CANTUS
1648 514 2002 581 QUARTUS·
2699 508 2837 574 397

489 654 676 734 Pero
719 662 1003 753 quando
1037 662 1389 733 Piccarda
1423 662 1648 752 quello
1680 681 1978 753 spreme,
2013 660 2305 755 scilicet,
2332 662 2625 756 quando
2659 664 2840 738 dixit

486 801 733 875 supra,
812 780 1010 875 quod
1100 780 1517 855 Constantia
1609 779 1910 854 retinuit
1970 780 2246 874 velum,
2321 784 2592 856 intende
2656 786 2840 856 della

486 905 724 994 voylia
790 903 1127 989 assoluta,
1178 900 1352 994 quia
1422 921 1569 974 non
1642 900 2067 995 simpliciter
2122 902 2484 975 consensit
2547 903 2838 979 abstra-

489 1022 853 1115 hentibuS,
908 1020 1034 1095 sed
1095 1020 1501 1093 secundum
1566 1020 1764 1115 quid,
1826 1020 2098 1095 scilicet
2163 1021 2444 1096 ratione
2511 1022 2833 1118 timoris;

489 1150 557 1215 et
614 1146 685 1215 io
752 1144 907 1215 del?
933 1143 1157 1231 altra,
1224 1140 1525 1235 scilicet,
1594 1142 1973 1215 voluntate
2042 1143 2442 1235 respectiva
2511 1143 2836 1242 intelligo

490 1262 785 1356 quando
832 1261 979 1334 dixi
1039 1260 1237 1356 quod
1302 1267 1472 1335 vota
1533 1261 1839 1334 istarum
1903 1260 2205 1335 fuerunt
2251 1262 2667 1356 aliqualiter
2726 1265 2836 1340 di-

491 1381 796 1474 minuta,
849 1380 1023 1473 quia
1075 1380 1483 1484 seeundum
1547 1379 1724 1473 quid
1777 1380 2155 1473 sequendo
2214 1381 2630 1457 violentiam
2686 1405 2834 1458 non

489 1500 864 1576 redeundo
914 1500 1008 1574 ad
1059 1501 1331 1594 locum,
1383 1493 1444 1572 si
1490 1501 1611 1572 che
1661 1521 1785 1572 ver
1841 1502 2143 1573 diciamo
2200 1503 2508 1592 insieme,
2561 1509 2634 1577 et
2691 1503 2834 1576 im-

486 1621 688 1716 ponit
741 1620 960 1693 finem
1012 1618 1325 1693 orationi
1378 1618 1746 1712 Beatricis,
1781 1618 2065 1704 dicens:
2102 1624 2289 1694 cotal
2315 1624 2424 1715 su,
2472 1623 2691 1715 quale
2724 1623 2834 1696 di-

487 1746 691 1815 ctum
743 1746 875 1832 est,
927 1740 1216 1833 scilicet,
1269 1746 1421 1814 tam
1485 1738 1826 1834 pulcrum
1889 1745 1965 1813 et
2025 1740 2313 1834 subtile,
2373 1745 2832 1834 l’ondeyqiar

488 1863 605 1935 del
632 1867 836 1933 santo
867 1862 1006 1952 rio,
1046 1859 1229 1934 idest
1261 1859 1612 1953 expansio
1645 1853 1719 1950 (¹)
1759 1858 2140 1951 sermoniS,
2175 1855 2434 1934 ch’usci
2472 1865 2587 1935 del
2611 1866 2832 1956 sonte,

489 2001 718 2054 sacrae
758 1979 1160 2075 theologiae,
1186 1981 1366 2053 onde
1389 1982 1560 2069 oym‘
1593 2000 1716 2052 ver
1749 1981 2023 2070 deriva,
2056 1978 2227 2073 quia
2264 1980 2421 2054 haec
2455 1987 2565 2055 est
2598 1982 2833 2056 scien-

489 2100 586 2175 tia
637 2100 989 2194 veritatiS,
1043 2105 1127 2173 ut
1176 2101 1417 2175 statim
1470 2099 1777 2174 dicetur.
1808 2139 1908 2152 —
1941 2103 2002 2172 Ο
2045 2119 2376 2173 amanza.
2440 2081 2650 2176 Nunc
2714 2104 2832 2177 ul-

488 2220 666 2295 timo
715 2220 983 2295 Dantes
1034 2219 1498 2294 subannectit
1530 2219 1726 2293 aliud
1759 2219 2095 2314 dubium,
2132 2220 2344 2295 cuius
2390 2222 2829 2298 solutionem

487 2348 816 2417 reservat
867 2341 938 2414 in
973 2362 1289 2435 sequens
1324 2340 1750 2434 capitulum,
1792 2343 1867 2414 et
1904 2361 2174 2436 magna
2211 2348 2372 2415 arte
2407 2341 2574 2416 facit
2609 2364 2833 2417 exor-

485 2461 712 2553 dium,
765 2461 838 2533 in
891 2481 1039 2554 quo
1109 2460 1343 2535 reddit
1401 2480 1568 2533 eam
1623 2459 2059 2534 benevolam
2122 2459 2216 2534 ad
2276 2460 2600 2556 dicenda,
2654 2462 2828 2555 quia

485 2582 790 2656 timebat
839 2601 919 2654 se
973 2579 1278 2654 reddere
1324 2599 1722 2654 onerosum
1774 2579 1965 2653 illius
1994 2570 2069 2672 (²)
2121 2580 2488 2675 loquendo
2538 2588 2825 2656 tantum

485 2701 577 2775 de
630 2700 750 2774 tali
805 2698 1134 2774 materia.
1178 2698 1363 2772 Dicit
1404 2719 1621 2795 ergo:
1675 2700 1862 2772 Diss’
1888 2702 1958 2772 io
2010 2720 2373 2792 appreSSO,
2408 2700 2829 2776 immediate

481 2820 578 2895 illi
645 2819 954 2894 Beatriei
1015 2818 1213 2893 finita
1273 2820 1606 2894 oratione
1666 2841 1847 2893 sua:
1938 2824 1999 2893 Ο
2056 2841 2367 2894 amanza
2421 2824 2538 2894 del
2580 2824 2823 2914 primo

478 2946 784 3027 amante,
838 2940 1041 3032 idest,
1092 2939 1245 3033 Dei,
1297 2960 1341 3012 o
1394 2942 1586 3030 diva,
1637 2938 1840 3033 idest,
1895 2960 1942 3013 o
1992 2940 2291 3015 scientia
2352 2939 2592 3014 divina
2641 2939 2828 3014 divi-

480 3061 674 3134 nitus
727 3059 983 3152 inlusa,
1034 3061 1090 3131 il
1133 3063 1247 3132 cui
1289 3062 1551 3151 parlar
1603 3061 2014 3150 m’inonda,
2049 3059 2253 3153 idest,
2306 3059 2562 3155 irrigat
2612 3079 2827 3133 men-

481 3185 627 3253 tem
687 3199 926 3252 meam
982 3178 1289 3272 aridam,
1331 3201 1369 3252 e
1411 3182 1657 3252 scalda
1695 3171 1780 3271 si,
1825 3179 1949 3251 ubi
1984 3199 2193 3253 eram
2236 3179 2530 3253 timidus
2565 3186 2639 3254 et
2672 3184 2828 3253 tar·-

481 3298 621 3372 dus
669 3298 760 3372 ad
814 3298 1206 3392 petendum
1250 3298 1342 3372 de
1376 3298 1560 3373 meis
1593 3298 1852 3392 dubiis,
1895 3301 2016 3371 che
2039 3294 2164 3391 pi&
2195 3321 2233 3372 e
2259 3295 2383 3391 piei
2423 3301 2512 3371 m'
2540 3302 2826 3388 avviva,

483 3418 688 3512 idest,
741 3418 1024 3514 vigorat
1048 3408 1150 3510 (³),
1206 3439 1353 3491 non
1418 3416 1461 3491 e*
1522 3422 1567 3492 l’
1593 3421 1900 3511 affezion
1965 3422 2111 3491 mia
2175 3426 2369 3492 tanto
2427 3420 2823 3511 profonda,

481 3538 684 3632 idest,
720 3538 1086 3613 sufficiens
1120 3544 1194 3613 et
1226 3538 1468 3635 digna,
1509 3541 1629 3612 che
1668 3540 1847 3611 hasti
1880 3560 1929 3611 a
1960 3541 2221 3613 render
2255 3540 2370 3612 voi
2400 3540 2659 3628 yrazia
2681 3559 2821 3630 per

476 3662 764 3750 grazia,
816 3678 948 3753 pro
999 3657 1354 3733 beneficio
1408 3666 1704 3754 recepto
1768 3679 1902 3754 pro
1970 3665 2119 3732 tam
2184 3659 2439 3754 pulcra
2499 3657 2826 3732 declara-

479 3778 699 3872 tione,
735 3799 853 3850 ma
887 3781 1055 3867 Quei
1086 3781 1206 3851 clze
1241 3782 1431 3869 vede,
1466 3779 1667 3873 idest,
1704 3779 1923 3872 DeuS,
1961 3779 2089 3872 qui
2131 3777 2362 3852 cernit
2403 3776 2823 3851 affectiones

477 3900 885 3991 hominum,
912 3922 951 3972 e
968 3906 1201 3993 puole,
1233 3907 1307 3974 et
1337 3888 1411 3991 (⁴)
1441 3901 1601 3974 vult
1633 3905 1709 3974 et
1747 3899 1882 3973 seit
1917 3898 2223 3973 reddere
2256 3887 2819 3992 condignum(⁵),

476 4039 525 4090 a
571 4012 679 4093 cio
725 4023 1096 4112 risponda,
1147 4040 1282 4115 pro
1337 4024 1733 4094 me.—Io.
1786 4019 1918 4092 Hic
1975 4024 2196 4091 autor
2253 4017 2347 4091 ad
2412 4015 2824 4091 excusatio-

477 4158 646 4212 nem
701 4161 910 4213 suam
964 4139 1225 4235 probat
1273 4139 1472 4235 quod
1525 4159 1669 4212 non
1729 4143 1838 4212 est
1899 4136 2175 4210 mirum
2241 4136 2301 4209 si
2361 4140 2522 4230 post
2580 4155 2814 4208 unum

477 4256 809 4351 dubium,
837 4259 1143 4356 insurgit
1173 4262 1521 4354 alterum,
1564 4259 1840 4334 dicens:
1881 4263 1963 4332 Io
2006 4261 2250 4349 veqqio
2292 4257 2420 4330 ben
2444 4259 2564 4330 che
2586 4260 2820 4347 ,qiam-

477 4380 621 4450 mai
668 4399 813 4450 non
862 4382 925 4451 si
971 4383 1173 4453 sazia
1221 4388 1465 4454 nostro
1515 4382 1861 4469 intellelm,
1916 4377 2209 4472 scilicet,
2246 4378 2637 4469 humanuS,
2676 4398 2750 4449 se
2774 4380 2822 4449 ’l

599 4568 655 4630 (¹)
688 4567 749 4618 E.
780 4568 1024 4631 expansio
1054 4571 1215 4620 uncti
1249 4570 1515 4620 sermonis.
1652 4569 1707 4630 (⁸)
1741 4568 1802 4619 Ε.
1837 4567 1913 4617 illi
1948 4566 2225 4631 loquendo.
2358 4563 2412 4627 θ)
2444 4564 2505 4614 Ε.
2539 4569 2757 4628 vegetat.

597 4645 653 4707 ζ’)
685 4644 749 4695 Ε.
780 4649 835 4695 et
864 4647 1023 4695 etiam
1054 4645 1182 4696 vult.
1652 4645 1709 4709 (⁸)
1741 4645 1804 4696 B.
1837 4658 2149 4709 congruum.
