3734 5567
934 483 1078 548 476
1719 494 2128 550 coMEN‘nm
2179 497 2514 550 PARADISI

934 641 1355 715 immediate
1404 645 1479 714 et
1527 641 2212 735 supernaturaliter,
2265 641 2450 716 sieut
2503 644 2830 737 quotidie
2880 654 3086 721 creat
3121 648 3289 722 ani-

934 783 1093 836 mas
1129 761 1517 836 rationales
1553 762 1666 835 vel
1706 762 1985 836 revelat
2018 762 2264 856 aliqua
2300 771 2603 838 secreta.
2627 765 2734 840 Ad
2768 767 3057 842 literam
3096 789 3278 864 ergo

937 882 1229 956 Beatrix
1284 872 1719 976 proponit(')
1762 881 1976 954 istam
2028 882 2441 977 materiam,
2494 884 2779 959 dicens:
2846 892 2951 961 Or
2997 891 3278 960 ritorno

932 1023 981 1074 α
1013 1005 1415 1076 dichiarare
1447 1004 1522 1073 in
1556 1004 1762 1074 alcun
1799 1004 1979 1092 loca,
2013 1002 2306 1096 scilicet,
2344 1024 2578 1076 unum
2629 1005 2907 1079 dietum
2960 1008 3272 1100 positum

932 1143 1181 1216 supra,
1225 1118 1481 1213 perche*
1526 1128 1596 1194 tu
1648 1127 1851 1212 veyyi
1899 1116 1947 1194 12
1995 1116 2140 1195 cosi
2183 1125 2479 1217 com'iO,
2541 1123 2742 1218 idest,
2786 1131 2871 1198 ut
2923 1126 3278 1222 intelligas

934 1242 1155 1335 clare,
1208 1242 1397 1315 sicut
1446 1260 1585 1336 ego
1638 1240 1961 1337 intelligo
2012 1241 2305 1334 proprie
2355 1249 2429 1315 et
2480 1243 2753 1337 stricte,
2783 1266 2916 1336 per
2967 1249 3280 1337 empierti

932 1364 1099 1435 bene
1136 1364 1306 1453 oqui
1345 1363 1550 1451 αἰείο,
1591 1360 1885 1455 scilicet,
1922 1361 2373 1435 removendo
2414 1364 2663 1437 omnia
2707 1364 2927 1438 dubia
2965 1365 3273 1440 orientia

932 1504 1165 1555 unum
1220 1501 1312 1556 ex
1365 1482 1620 1555 altero.
1675 1480 1761 1552 Et
1812 1501 1986 1554 ecce
2035 1480 2381 1553 dubium:
2446 1488 2516 1554 tu
2579 1485 2741 1573 dici,
2795 1483 3002 1577 idest,
3070 1493 3275 1578 potes

926 1604 1171 1678 dicere
1211 1609 1285 1677 et
1323 1601 1643 1676 obiicere
1692 1601 1912 1674 mihi:
1949 1605 2031 1673 Io
2069 1605 2311 1691 veqyio
2343 1605 2399 1674 il
2422 1606 2614 1695 som,
2656 1606 2701 1675 P
2730 1625 2984 1695 acqua,
3020 1608 3064 1677 F
3083 1626 3273 1694 aere,

927 1728 1001 1796 la
1069 1731 1291 1816 terra,
1357 1728 1680 1815 quatuor
1743 1723 2130 1814 elementa,
2196 1743 2234 1794 e
2310 1730 2468 1795 tutte
2527 1727 2642 1795 lor
2700 1726 3011 1815 mis-lure,
3070 1724 3272 1818 idest,

924 1844 1172 1918 omnia
1224 1843 1451 1916 mixta
1502 1861 1672 1937 quae
1721 1837 2269 1935 componuntur
2330 1861 2422 1915 ex
2484 1842 2652 1936 ipsis
2704 1843 3102 1935 elementiS,
3155 1865 3277 1917 ve-

925 1967 1080 2036 nire
1127 1984 1176 2035 a
1224 1965 1645 2035 corruzione
1692 1984 1730 2034 e
1778 1965 2011 2035 durar
2053 1982 2260 2054 pocO,
2318 1962 2506 2037 sicut
2557 1963 2759 2036 clare
2811 1963 3146 2036 videmus
3198 1964 3272 2036 in

925 2081 1419 2158 elementatis:
1472 2083 1839 2156 elementa
1882 2082 2101 2155 etiam
2158 2081 2345 2154 inter
2388 2102 2467 2154 se
2501 2082 2851 2156 continuo
2903 2090 3273 2157 transmu-

929 2210 1179 2275 tantur
1230 2201 1322 2274 de
1375 2222 1523 2273 uno
1575 2202 1648 2273 in
1698 2201 1921 2293 aliud,
1957 2201 2130 2293 quia
2182 2201 2529 2275 continuo
2567 2222 2652 2274 ex
2703 2209 2900 2276 terra
2940 2203 3019 2275 fit
3052 2225 3268 2298 aqua,

925 2342 1018 2395 ex
1070 2341 1263 2413 aqua
1318 2340 1472 2412 aer,
1524 2340 1615 2394 ex
1651 2340 1829 2394 aere
1862 2321 2094 2416 ignis3
2147 2341 2185 2392 e
2233 2327 2460 2413 queste
2508 2342 2665 2394 cose
2702 2343 2850 2413 pur
2892 2324 3021 2414 sur
3070 2345 3271 2396 crea-

930 2448 1107 2531 ture,
1161 2440 1364 2534 idest,
1418 2461 1536 2514 res
1585 2448 1855 2514 creatae
1905 2461 1950 2514 a
2002 2442 2177 2533 De0,
2202 2434 2476 2531 perche,
2513 2462 2587 2513 se
2631 2435 2738 2513 eid
2769 2446 2889 2514 che
2926 2446 3017 2515 Ιιο
3058 2447 3262 2537 dello,

931 2562 1100 2655 quia
1166 2569 1243 2633 tu
1307 2581 1453 2635 non
1523 2569 1728 2656 potes
1792 2561 2106 2654 mentiri,
2158 2557 2201 2634 e*
2253 2569 2433 2634 stato
2493 2543 2686 2655 vere,
2743 2565 2807 2634 si
2871 2584 3007 2656 pro
3073 2568 3263 2656 quia,

923 2682 1096 2775 quia
1147 2702 1412 2756 verum
1467 2686 1601 2773 est,
1652 2702 1841 2753 esser
1893 2683 2198 2754 dom-ian
2231 2702 2470 2753 secure
2531 2684 2626 2754 da
2692 2686 3133 2757 corruzione.
3170 2725 3268 2739 -—

929 2805 1040 2874 Gli
1112 2805 1364 2892 anyeli.
1443 2801 1652 2874 Nunc
1726 2799 2019 2873 Beatrix
2084 2799 2252 2873 facit
2327 2801 2759 2893 promissam
2831 2801 3269 2877 declaratio-

921 2943 1114 3016 nem,
1167 2923 1446 2996 dicens:
1502 2926 1563 2994 0
1595 2924 1813 3014 frate,
1854 2920 2150 3013 scilicet,
2214 2921 2642 3015 reverende,
2701 2925 2805 3012 yli
2867 2927 3105 3013 anqeli
3152 2947 3191 2996 e
3219 2929 3274 2997 ’l

910 3064 1125 3136 paese
1164 3046 1462 3135 sincere,
1504 3040 1774 3115 scilieet
1819 3041 2119 3132 eoelum,
2170 3061 2441 3136 corpus
2479 3042 2788 3137 simplex
2837 3051 2913 3117 et
2964 3065 3263 3138 purum,

917 3165 1034 3234 nel
1087 3164 1256 3252 qual
1312 3167 1380 3233 tu
1429 3163 1549 3251 se’,
1603 3159 1717 3233 hic
1781 3181 2078 3234 mecum
2143 3181 2316 3234 cum
2382 3167 2652 3255 mente,
2714 3166 2777 3234 si
2827 3183 3097 3254 possen
3148 3167 3267 3237 dir

920 3284 1161 3371 creati,
1189 3280 1458 3353 scilicet
1489 3281 1804 3374 proprie,
1839 3283 1915 3352 in
1950 3283 2106 3352 loro
2132 3302 2358 3353 essere
2394 3283 2648 3371 intere,
2679 3281 2881 3374 idest,
2914 3282 3260 3376 perfecto,

915 3393 978 3473 εὶ
1024 3421 1216 3472 come
1261 3420 1462 3492 sone,
1520 3399 1676 3472 sine
1724 3400 2197 3494 corruptione
2250 3400 2364 3473 vel
2427 3398 2591 3494 fine,
2654 3402 2825 3494 quia
2890 3409 3061 3475 sunt
3124 3403 3262 3474 im-

919 3520 1235 3593 mediate
1264 3511 1336 3612 (²)
1390 3540 1436 3592 a
1486 3520 1637 3593 Deo
1688 3519 1844 3593 sine
1895 3540 2118 3614 opera
2173 3526 2482 3612 naturae,
2536 3526 2609 3594 et
2661 3520 2756 3594 ita
2819 3522 3085 3595 animae
3139 3543 3261 3595 ra-

917 3641 1244 3734 tionaleS,
1297 3641 1483 3714 sicut
1533 3646 1782 3734 postea
1833 3639 2075 3712 statim
2120 3640 2348 3734 dicet3
2386 3661 2503 3711 ma
2542 3643 2645 3730 ¹qli
2684 3645 2993 3714 elementi
3029 3645 3150 3714 che
3190 3650 3260 3715 tu

912 3762 1034 3834 1ιαί
1080 3763 1371 3851 nometi,
1421 3759 1624 3852 idest,
1679 3779 1877 3832 nunc
1929 3759 2341 3852 nominasti,
2393 3759 2566 3852 quia
2630 3759 2722 3832 de
2784 3760 2920 3833 illis
2969 3761 3258 3835 dubita-

911 3881 1066 3976 baS,
1117 3903 1155 3954 e
1204 3883 1419 3973 quelle
1467 3901 1624 3952 cose
1671 3882 1793 3952 che
1839 3882 1916 3952 di
1964 3882 2077 3952 lor
2110 3883 2173 3952 si
2206 3886 2456 3974 fanno,
2499 3879 2706 3973 idest,
2742 3900 3053 3975 corpora
3090 3902 3253 3975 quae

910 4007 1459 4097 componuntur
1509 4019 1600 4073 ex
1654 3998 1811 4093 illis,
1847 4020 2023 4071 sono
2055 4003 2421 4093 informati
2458 4001 2558 4071 da
2590 4006 2829 4071 creata
2873 3997 3082 4089 υἰνίιὶ,
3118 4001 3255 4074 sci-

909 4121 1075 4196 licet
1124 4121 1313 4213 coeli,
1353 4119 1564 4195 cuius
1619 4127 1823 4192 motu
1877 4119 1996 4194 illa
2052 4119 2286 4192 virtus
2340 4118 2799 4192 informativa
2853 4118 3131 4193 inducit
3181 4121 3253 4193 in

911 4241 1294 4315 materiam
1333 4239 1919 4333 praeexistentem
1973 4240 2216 4314 varias
2259 4239 2532 4313 formas
2584 4246 2659 4313 et
2702 4238 3029 4313 diversas
3066 4239 3255 4335 figu-

912 4381 1052 4452 raS,
1089 4380 1257 4452 quae
1296 4359 1473 4432 dant
1524 4359 1698 4431 illud
1751 4380 1914 4434 esse
1965 4360 2339 4455 singulare
2391 4359 2615 4434 rebus
2666 4379 2797 4452 per
2850 4359 3049 4452 quod
3100 4380 3246 4434 una

1031 4621 1089 4685 (¹)
1120 4619 1181 4670 E·
1216 4620 1387 4683 primo
1418 4619 1675 4683 proponit.
2051 4618 2109 4686 (²)
2141 4621 2202 4673 Ε.
2237 4622 2532 4672 immediate
2565 4621 2728 4672 creati
2759 4633 2788 4669 a
2821 4620 2953 4672 neo.
