3734 5567
1149 504 1427 558 cmrus
1477 506 1865 561 vrcnsmus
1915 506 2280 559 summus.
2749 494 2885 562 153

546 648 733 743 fecit,
794 668 964 743 quae
1025 647 1310 743 magnis
1375 648 1626 723 ditavit
1694 650 2002 745 opibus3
2079 649 2447 746 refugium
2517 650 2892 746 singulare

546 788 872 843 romanae
924 767 1287 862 ecclesiae3
1340 768 1536 843 unde
1585 775 1660 844 et
1711 789 2157 843 normannos
2194 775 2530 865 potenter
2581 772 2884 865 expulit,

545 888 671 982 qui
728 889 801 961 in
861 888 1363 983 praeiudicium
1427 890 1900 963 sanctissimae
1972 910 2305 965 romanae
2378 890 2703 964 ecclesiae
2767 910 2888 966 re-

543 1029 773 1104 gnum
801 1007 1080 1103 Apuliae
1115 1008 1555 1103 invaserant,
1583 1015 1653 1083 et
1683 1010 2068 1084 vastabant
2092 1009 2588 1103 Campaniam.
2618 1010 2885 1085 Fertur

545 1136 796 1203 autem
824 1128 1190 1202 comitissa
1220 1128 1562 1203 habuisse
1587 1130 1831 1204 virum
1862 1148 2139 1224 genere
2173 1148 2883 1225 germanum,quem

543 1269 590 1322 a
640 1268 720 1322 se
768 1247 1257 1342 sequestravit
1306 1248 1480 1342 quia
1532 1269 1677 1322 non
1729 1254 2015 1343 poterat
2066 1267 2511 1342 cognoscere
2561 1267 2757 1340 eam,
2800 1254 2886 1321 ut

543 1368 828 1443 dicetur
877 1369 1195 1462 capitulo
1246 1369 1336 1440 VI
1386 1368 1742 1461 Paradisi3
1784 1374 1860 1443 et
1905 1368 2126 1442 nobili
2173 1367 2665 1463 indignatione
2713 1387 2887 1462 per-

543 1508 779 1582 cussa,
834 1488 1063 1561 noluit
1088 1480 1163 1580 (¹)
1217 1487 1311 1562 de
1359 1493 1630 1562 caetero
1676 1488 1932 1562 subiici
1985 1488 2164 1561 viro.
2218 1487 2353 1561 Alii
2402 1493 2651 1560 tamen
2701 1486 2885 1560 scri-

543 1608 749 1701 bunt,
800 1606 998 1701 quod
1048 1626 1143 1682 ex
1196 1607 1355 1682 viro
1418 1607 1676 1703 genuit
1727 1607 1982 1701 filium,
2035 1606 2161 1680 sed
2218 1612 2517 1702 propter
2593 1606 2883 1680 dolores

546 1732 800 1823 partus
852 1746 1234 1820 nunquam
1286 1725 1518 1800 voluit
1568 1732 1817 1820 postea
1872 1726 2031 1800 viro
2080 1725 2489 1800 admisceri.
2535 1725 2699 1831 Fuit
2750 1725 2887 1798 ista

544 1846 908 1922 comitissa
958 1851 1214 1942 potens
1265 1844 1339 1918 in
1391 1845 1837 1940 principatu:
1897 1845 2150 1919 habuit
2195 1846 2390 1920 enim
2436 1845 2574 1918 sub
2616 1844 2886 1919 ditione

544 1988 680 2043 sua
729 1968 1122 2059 Mantuam,
1175 1966 1543 2059 Parmam,
1597 1965 1936 2061 Regium,
1987 1964 2361 2059 Mutinam,
2413 1965 2882 2040 Ferrariam:

547 2086 683 2159 fuit
729 2085 947 2159 etiam
1002 2084 1313 2178 literata,
1356 2090 1431 2157 et
1468 2103 1814 2179 magnam
1849 2084 2207 2157 librorum
2254 2084 2506 2157 hahuit
2555 2082 2881 2176 copiam:

549 2204 683 2278 fuit
730 2223 1040 2297 corpore
1088 2201 1379 2297 decora,
1423 2202 1606 2277 facie
1660 2203 1930 2297 hilariS,
1984 2203 2295 2298 pecunia
2345 2203 2695 2296 liberalis3
2748 2201 2886 2275 lin-

546 2344 772 2420 guam
816 2322 1155 2415 italicam,
1191 2322 1691 2418 germanicam
1729 2329 1802 2398 et
1835 2323 2170 2419 gallicam
2207 2322 2396 2397 bene
2430 2322 2650 2396 novit.
2694 2322 2886 2395 Tan-

543 2443 711 2518 dem
739 2443 1002 2516 devote
1041 2440 1377 2537 spiritum
1415 2440 1721 2516 reddidit
1759 2443 1912 2517 Deo
1937 2463 2075 2516 suo
2108 2464 2302 2517 anno
2335 2442 2590 2538 gratiae
2623 2439 2882 2515 Christi
3025 2465 3028 2468 ’

545 2560 819 2653 MCXV,
846 2558 1255 2633 aetatis'suae
1281 2561 1738 2655 sexagesimo
1775 2582 1993 2655 nono,
2032 2562 2440 2657 imperante
2472 2561 2785 2635 Henrico
2800 2559 2884 2653 V,

545 2683 843 2758 sedente
891 2681 1214 2755 Paschali
1265 2702 1450 2776 papa
1486 2682 1571 2774 II,
1623 2688 1696 2756 et
1748 2682 2029 2776 sepulta
2082 2673 2198 2756 est
2242 2682 2314 2754 in
2361 2681 2576 2754 nobili
2623 2700 2885 2754 mona—

543 2804 766 2879 sterio
815 2802 1010 2896 apud
1060 2802 1387 2876 Paduam
1425 2803 1642 2897 longe
1677 2822 1720 2874 a
1755 2803 2050 2876 Mantua
2094 2801 2348 2875 decem
2393 2799 2766 2893 milliariiS,
2810 2799 2885 2871 in

547 2925 884 3020 sepulcro
933 2921 1190 3018 grandi
1228 2942 1319 2996 ex
1361 2921 1748 2997 alabastro.
1792 2922 2109 3015 Reliquit
2155 2927 2404 2995 autem
2458 2921 2591 2994 sibi
2643 2920 2881 2993 haere-

548 3045 714 3120 dem
784 3042 1164 3117 ecclesiam
1244 3062 1653 3136 romanam,
1717 3063 1891 3116 cum
1959 3041 2284 3135 amplum
2356 3039 2878 3135 patrimonium

546 3164 963 3260 possideret.
1017 3161 1141 3235 His
1189 3161 1512 3235 breviter
1563 3168 1639 3236 et
1689 3161 2058 3235 succincte
2092 3160 2433 3253 collectiS,
2472 3178 2668 3232 nunc
2702 3178 2882 3232 con-

547 3283 806 3379 sidera,
858 3284 1108 3376 lector,
1176 3281 1237 3355 si
1287 3287 1502 3376 poeta
1556 3288 1804 3356 noster
1880 3279 2414 3376 elegantissime
2490 3277 2883 3352 introducit

545 3404 755 3479 istam
816 3401 1231 3496 Mathildim,
1292 3421 1461 3495 quae
1528 3401 1727 3475 ducit
1776 3401 2017 3495 ipsum
2079 3420 2213 3496 per
2279 3398 2701 3494 paradisum
2752 3398 2883 3472 de-

545 3521 901 3615 liciarum,
948 3527 1021 3595 et
1071 3519 1381 3594 ostendit
1433 3518 1812 3593 ecclesiam
1852 3518 1981 3591 Dei
2036 3517 2490 3611 militantem,
2543 3517 2617 3590 in
2671 3515 2883 3590 cuius

547 3640 928 3717 servitium
979 3646 1053 3715 et
1103 3640 1461 3713 honorem
1524 3644 1672 3711 tam
1731 3636 2114 3732 magnifice
2180 3636 2511 3710 militavit
2563 3637 2635 3708 in
2695 3635 2882 3729 vita3

545 3768 620 3837 et
667 3762 743 3835 in
797 3767 1034 3835 morte
1082 3760 1384 3834 Petrum
1437 3758 1837 3854 principem
1891 3757 2109 3829 huius
2150 3756 2475 3831 ecclesiae
2523 3755 2690 3829 fecit
2731 3758 2883 3829 hae-

549 3881 821 3957 redem.
874 3881 1083 3955 Nunc
1132 3886 1243 3955 est
1310 3880 1404 3954 ad
1462 3880 1748 3955 literam
1814 3876 2427 3969 descendendum,
2479 3896 2704 3970 quam
2758 3895 2883 3948 or-

544 4001 710 4075 dina
760 4001 901 4075 sic:
943 4005 1047 4074 Mi
1079 4021 1309 4093 parea
1343 4003 1551 4074 veder
1584 4004 1659 4073 in
1690 4019 1916 4090 soyno
1955 3999 2225 4088 donna,
2268 4016 2436 4090 quae
2472 3994 2609 4068 fuit
2650 3994 2882 4089 impe-

548 4118 739 4194 riosa
791 4120 1023 4213 valde,
1073 4124 1397 4213 yiovane,
1440 4120 1613 4213 quia
1666 4119 1888 4194 etiam
1924 4118 1998 4191 in
2033 4121 2411 4192 senectute
2453 4115 2880 4211 juveniliter

548 4240 879 4315 exercuit
927 4260 1196 4335 corpus
1245 4246 1318 4315 et
1367 4224 1738 4332 animum3
1775 4245 1850 4313 et
1900 4239 2074 4332 quia
2124 4236 2260 4310 fuit
2307 4255 2598 4331 semper
2647 4236 2886 4312 activa

547 4379 771 4456 opera
804 4360 1282 4436 memoranda
1324 4360 1593 4435 faciens
1645 4366 1794 4433 tam
1850 4358 2351 4453 temporaliter
2393 4379 2619 4451 quam
2673 4358 2886 4452 spiri-

669 4619 723 4681 (')
756 4622 866 4679 11⁷,
898 4632 1164 4683 nunquam
1197 4619 1363 4671 voluit
1394 4619 1459 4669 de
1491 4624 1702 4670 cetero.
1803 4648 1818 4665 2
