3734 5567
986 497 1128 562 502
1770 504 2178 559 commu
2228 505 2560 558 PAnAmsr

982 653 1210 748 pitulo
1261 649 1720 745 praecedenti,
1766 650 2056 743 sar-ebbe
2102 670 2378 741 sempre
2425 652 2482 721 il
2525 670 2651 721 suo
2711 651 3084 739 camminO,
3112 648 3283 741 idest,

980 792 1311 866 cursum,
1366 773 1553 844 simil
1605 774 1681 843 ai
1733 773 2127 863 ymeranci,
2195 769 2399 862 idest,
2465 769 2740 844 faceret
2809 768 2994 843 filios
3056 768 3285 843 similes

977 890 1358 988 parentihu
1366 913 1423 985 S,
1464 913 1541 964 se
1578 912 1727 964 non
1776 894 2079 965 vincesse
2124 893 2180 964 il
2219 893 2621 983 provveder
2657 892 2927 983 divino,
2970 888 3286 963 mediante

973 1010 1248 1085 virtute
1307 1011 1633 1086 coelesti:
1686 1012 1827 1085 hoc
1893 1017 2147 1085 autem
2217 1010 2386 1085 facit
2450 1018 2535 1084 ut
2595 1015 3159 1107 recognoscatur
3212 1009 3288 1082 ab

976 1150 1088 1205 e0.
1123 1170 1223 1183 —
1248 1135 1372 1203 Or.
1418 1129 1548 1205 Hic
1584 1130 1843 1205 ultimo
1894 1130 2223 1224 CaroluS,
2275 1130 2646 1206 declarata
2696 1129 3158 1204 conclusione
3185 1149 3290 1224 ge-

982 1251 1234 1344 nerali,
1270 1250 1466 1325 addit
1501 1272 1729 1326 unam
1767 1251 2314 1326 conclusionem
2349 1250 2767 1345 specialem,
2804 1249 3093 1342 scilicet,
3127 1247 3290 1343 quod

979 1371 1344 1445 inclinatio
1397 1371 1751 1446 naturalis
1802 1392 1949 1446 non
2000 1372 2272 1445 sufficit
2320 1372 2414 1446 ad
2465 1359 2784 1445 effectus'
2827 1370 3217 1461 hominum,
3246 1369 3290 1440 si

978 1490 1273 1564 fortuna
1326 1511 1471 1565 non
1521 1492 1919 1566 concordat
1970 1512 2249 1584 secum,
2313 1491 2501 1564 sicut
2561 1490 2902 1565 videmus
2950 1489 3043 1564 de
3092 1488 3289 1562 facto:

981 1613 1191 1685 multi
1243 1633 1430 1705 quos
1481 1618 1749 1688 natura
1801 1612 1970 1687 fecit
2021 1611 2486 1686 mechanicos
2545 1610 3145 1705 philosophantur
3197 1607 3292 1680 illa
3373 1608 3381 1620 '

973 1731 1236 1825 invita3
1290 1738 1363 1806 et
1404 1753 1448 1806 e
1499 1740 1757 1806 contra
1807 1732 2094 1825 aliquos
2128 1738 2338 1826 aptos
2391 1738 2601 1806 natos
2651 1729 2744 1804 ad
2801 1727 3292 1826 philosophiam

974 1852 1268 1927 fortuna
1317 1852 1589 1927 detinet
1640 1853 1713 1926 in
1764 1852 2067 1946 campiS,
2118 1852 2194 1925 in
2257 1852 2507 1925 hancis
2571 1850 2971 1944 artificum,
3023 1850 3094 1922 in
3138 1846 3293 1922 sedi-

972 1974 1112 2048 bus
1163 1973 1506 2066 navium3
1560 1973 1757 2048 unde
1807 1973 2174 2048 miramur
2222 1971 2639 2066 aliquando,
2707 1972 2914 2066 quod
2965 1972 3038 2044 in
3088 1967 3293 2043 medio

972 2094 1162 2169 mari
1212 2093 1689 2169 inveniuntur
1741 2094 2010 2168 nobilia
2045 2093 2361 2189 ingenia,
2397 2093 2470 2166 in
2507 2093 2747 2167 studio
2787 2092 2960 2168 vilia
2980 2116 3000 2186 3
3037 2098 3108 2166 et
3137 2089 3292 2163 sicut

976 2236 1125 2288 non
1175 2219 1727 2308 prosperantur,
1781 2221 2030 2288 tamen
2082 2213 2374 2289 difficile
2441 2221 2554 2295 est
2604 2214 2910 2289 vincere
2959 2219 3290 2286 naturam.

976 2334 1084 2408 Ad
1134 2333 1422 2407 literam
1474 2354 1656 2430 ergo
1709 2335 2018 2410 Carolus
2067 2336 2504 2410 continuans
2553 2334 2743 2410 dicta
2784 2334 3108 2410 dicendis
3155 2352 3296 2428 pro-

978 2453 1192 2528 mittit
1242 2454 1431 2529 hanc
1480 2455 2027 2530 conclusionem
2092 2457 2362 2549 autori,
2415 2464 2499 2529 ut
2549 2456 2808 2531 reddat
2861 2477 3038 2531 eum
3088 2459 3295 2528 atten-

978 2582 1159 2668 tum,
1196 2573 1488 2648 dicens:
1542 2595 1631 2647 or
1681 2578 1840 2666 quel
1874 2578 1995 2648 che
2044 2579 2089 2648 ι’
2115 2598 2243 2650 era
2276 2579 2527 2667 dietrO,
2569 2574 2773 2669 idest,
2819 2575 3292 2651 absconditum

979 2694 1127 2790 tibi,
1178 2697 1224 2767 τ’
1250 2690 1293 2768 ἐ
1334 2697 1651 2788 davanti,
1693 2695 1963 2771 scilicet
2013 2701 2184 2771 ante
2218 2697 2472 2771 oculos
2514 2697 2780 2771 mentis
2816 2696 3293 2783 manifestum

976 2836 1095 2887 ma
1161 2817 1392 2906 voylio
1457 2817 1577 2888 che
1639 2818 1685 2888 τ’
1710 2819 2076 2908 ammanti,
2127 2816 2333 2911 idest,
2386 2816 2875 2911 superinduas
2943 2816 3068 2890 tibi
3131 2814 3295 2887 ultra

974 2936 1290 3031 primam
1366 2941 1647 3010 vestem
1725 2938 2084 3031 pulcram,
2153 2958 2250 3010 un
2322 2941 2733 3029 corollam,
2811 2938 3021 3031 idest,
3097 2952 3295 3008 unam

975 3056 1517 3131 conclusionem
1570 3057 1850 3131 claram
1904 3057 2391 3151 spiritualem:
2435 3059 2915 3134 corollarium
2969 3057 3156 3133 enim
3201 3053 3295 3127 di-

973 3176 1165 3249 citur
1214 3197 1261 3248 a
1311 3176 1607 3268 corolla,
1652 3175 1856 3269 idest,
1895 3198 2121 3271 parva
2173 3198 2471 3273 corona,
2525 3179 2698 3272 quia
2749 3179 2974 3253 datur
3007 3174 3204 3271 quasi
3235 3173 3296 3244 in

973 3296 1364 3390 praemium
1415 3296 1855 3391 disputanti3
1917 3296 2181 3390 perche*
2240 3304 2447 3393 sappi
2504 3302 2624 3372 che
2685 3302 2760 3373 di
2817 3307 2908 3373 ιε’
2946 3302 3042 3372 mi
3083 3300 3294 3389 σίουᾱ,

972 3414 1145 3510 quia
1198 3414 1391 3488 fuisti
1442 3416 1725 3491 amicus
1778 3437 1992 3492 meus
2043 3419 2117 3492 in
2170 3419 2408 3513 terriS,
2462 3427 2537 3494 et
2581 3439 2777 3493 nunc
2810 3420 2888 3493 in
2925 3419 3110 3495 coelo
3141 3436 3293 3513 gra-

974 3534 1072 3610 tia
1120 3534 1254 3609 Dei
1304 3542 1376 3609 et
1427 3537 1699 3613 virtute
1751 3544 1880 3613 tua
1930 3539 2186 3615 vivens
2237 3540 2406 3614 talia
2460 3540 2751 3634 quaeris.
2820 3541 2908 3615 Et
2968 3559 3135 3616 ecce
3189 3554 3295 3609 co-

975 3655 1404 3731 rollarium:
1481 3665 1787 3750 natura,
1851 3659 2124 3735 scilicet
2201 3667 2567 3755 naturata,
2630 3682 2905 3753 sempre
2972 3665 3056 3754 sa
3126 3658 3294 3731 mala

960 3798 1224 3870 prova,
1277 3778 1451 3870 quia
1502 3800 1649 3852 non
1701 3786 2002 3854 exercet
2051 3780 2404 3856 virtutem
2474 3802 2712 3875 suam,
2776 3802 2851 3854 se
2910 3790 3114 3855 trova
3152 3782 3293 3873 for-

970 3905 1136 3973 tuna
1187 3902 1510 3974 discorde
1559 3922 1608 3973 a
1639 3897 1738 3994 se}
1781 3901 1956 3994 quia
1991 3900 2047 3974 si
2085 3900 2276 3975 filius
2317 3901 2496 3976 fabri
2532 3902 2756 3976 habet
2804 3901 3201 3976 dominium
3226 3887 3288 3986 (¹)

967 4020 1423 4095 ascendentis
1473 4021 1772 4096 dantem
1824 4020 1957 4095 sibi
2011 4020 2463 4096 influentiam
2520 4023 2869 4118 regalem,
2914 4022 3118 4097 faber
3165 4033 3291 4089 non

968 4140 1230 4233 poterit
1280 4141 1634 4234 consequi
1689 4139 2077 4235 effectum3
2131 4161 2177 4215 a
2226 4141 2463 4235 simili,
2514 4164 2707 4217 come
2755 4146 2926 4234 oqui
2973 4146 3157 4215 altra
3198 4155 3291 4208 se-

967 4266 1209 4351 mente,
1267 4260 1540 4334 scilicet
1589 4260 1760 4335 facit
1816 4262 2087 4336 malam
2141 4262 2475 4357 probam,
2514 4268 2687 4357 faor
2737 4267 2814 4338 di
2858 4284 2993 4337 sua
3039 4262 3288 4352 remon>

964 4376 1256 4471 scilicet,
1309 4379 1383 4452 in
1433 4379 1594 4453 loco
1631 4401 1776 4455 non
1810 4383 2270 4457 convenienti
2307 4383 2464 4478 sibi,
2500 4384 2690 4459 sicut
2723 4384 2930 4480 piper
2962 4404 3104 4457 non
3136 4395 3286 4474 pro-

1091 4623 1145 4687 (¹)
1177 4624 1240 4675 E.
1271 4625 1560 4675 dominum.
