3734 5567
932 493 1074 558 496
1716 500 2127 555 COMENTUM
2178 500 2509 553 PARAmsl

927 649 1129 744 pium
1197 664 1485 740 verum,
1553 646 1753 740 quod
1818 647 2063 720 nullus
2124 665 2320 720 sanae
2384 644 2650 718 mentis
2710 645 3049 741 negabit3
3117 644 3290 720 ideo

926 771 1139 845 dicit:
1193 789 1242 841 a
1292 771 1449 863 quel
1495 770 1613 840 che
1663 775 1734 840 tu
1783 770 2123 861 dimandi,
2189 787 2363 840 cum
2426 772 2630 840 tanto
2697 766 2966 840 ardore
3030 766 3283 859 animi,

923 893 1154 965 terrai
1199 893 1255 963 il
1300 892 1474 981 vise,
1533 887 1805 961 scilicet
1857 892 2169 981 rectum,
2223 907 2415 960 come
2464 889 2628 959 lieni
2673 889 2731 959 il
2773 888 3003 959 dossa
3049 885 3134 957 Et
3167 886 3286 959 hic

930 1019 1100 1086 nota
1173 1011 1368 1105 quod
1436 1016 1653 1083 autor
1720 1009 2017 1083 tenebat
2078 1008 2338 1082 faciem
2410 1005 2828 1081 inclinatam
2901 1014 3283 1103 premente

929 1130 1251 1226 pondere
1302 1129 1545 1202 nimiae
1595 1128 2114 1202 admirationis.
2168 1128 2257 1200 Et
2307 1147 2487 1202 vere
2550 1148 2743 1221 saepe
2802 1126 3089 1221 sapiens
3139 1126 3280 1199 mi—

928 1256 1158 1345 ratur,
1211 1250 1407 1325 unde
1458 1249 1839 1344 proveniat
1877 1248 2074 1344 quod
2109 1270 2200 1323 ex
2238 1248 2397 1322 viro
2458 1249 2890 1343 probissimo
2935 1255 3280 1323 nascatur

927 1369 1117 1445 filius
1152 1370 1562 1464 vilissimus,
1600 1370 1789 1444 sicut
1820 1370 2056 1464 patuit
2091 1370 2164 1443 in
2200 1369 2533 1465 Scipione
2567 1374 2642 1443 et
2674 1368 3050 1463 Cicerone,
3090 1391 3280 1464 quo-

929 1513 1096 1565 rum
1135 1492 1323 1565 alter
1360 1491 1613 1565 habuit
1649 1489 1878 1563 filium
1916 1490 2132 1564 vilem
2173 1498 2247 1564 et
2283 1489 2600 1582 tristem3
2636 1488 2824 1563 alter
2859 1509 3004 1562 non
3039 1490 3276 1563 solum

926 1611 1207 1684 tristem
1266 1610 1394 1685 sed
1460 1609 1854 1684 ebriosum.
1929 1609 2070 1683 Sed
2141 1630 2287 1683 non
2354 1609 2738 1704 oportebat
2797 1608 2992 1702 quod
3057 1616 3278 1683 autor

929 1736 1208 1825 peteret
1268 1729 1563 1806 aliunde
1627 1730 1986 1822 exempla,
2040 1729 2214 1822 quia
2277 1727 2432 1823 ipse
2482 1728 2709 1802 hostis
2758 1728 3082 1802 avaritiae
3141 1729 3281 1803 ha-

929 1851 1089 1925 buit
1157 1850 1388 1924 filium
1454 1850 1613 1924 eius
1672 1850 2036 1941 amicum3
2093 1848 2255 1923 ideo
2308 1849 2498 1923 bene
2548 1847 2843 1922 tenebat
2909 1848 3161 1922 faciem
3197 1843 3278 1937 (¹)

932 1970 1390 2045 incurvatam
1445 1990 1618 2044 cum
1675 1990 1871 2044 nunc
1921 1970 2198 2044 faceret
2235 1969 2457 2043 talem
2493 1968 3016 2063 quaestionem3
3064 1976 3139 2044 et
3173 1969 3272 2043 ita

931 2111 975 2164 e
1025 2095 1280 2164 contra
1332 2088 1589 2163 accidit
1636 2089 2029 2182 aliquando
2081 2089 2280 2181 quod
2315 2109 2410 2163 ex
2445 2089 2759 2184 pessimo
2796 2096 3003 2183 patre
3038 2089 3278 2163 oritur

930 2210 1248 2304 optimus
1296 2208 1507 2281 filius,
1537 2248 1636 2261 —
1662 2213 1761 2280 Lo
1796 2213 1963 2281 Ben.
2019 2209 2147 2283 Hic
2198 2210 2506 2284 Carolus
2555 2210 2799 2304 incipit
2836 2210 3279 2304 respondere

788 2323 793 2328 ’
929 2328 1023 2401 ad
1073 2327 1380 2400 dubium
1411 2318 1513 2420 (²),
1566 2333 1640 2400 et
1688 2347 1821 2421 per
1860 2328 2162 2424 longum
2201 2328 2614 2403 discursum
2648 2319 2719 2421 (³)
2762 2331 2918 2403 vult
2953 2330 3278 2404 breviter

924 2448 1193 2542 dicere,
1247 2447 1443 2541 quod
1493 2447 1586 2521 ad
1640 2448 1828 2523 bene
1892 2468 2052 2523 esse
2117 2449 2369 2521 mundi
2431 2449 2834 2542 requiritur
2891 2451 3276 2525 diversitas

925 2588 1408 2663 personarum
1462 2587 1631 2661 quae
1681 2568 2006 2663 procedit
2055 2568 2294 2662 primo
2345 2590 2390 2642 a
2442 2590 2664 2643 causa
2699 2570 2966 2664 prima,
3007 2571 3274 2644 scilicet

925 2687 1374 2784 providentia
1426 2689 1605 2780 Dei,
1658 2689 1979 2763 secundo
2031 2710 2073 2763 a
2127 2709 2353 2763 causa
2418 2691 2763 2784 secunda,
2824 2691 3092 2766 scilicet
3160 2691 3272 2763 in-

926 2810 1221 2884 fluentia
1285 2810 1491 2902 coeli;
1562 2816 1635 2883 et
1708 2809 1965 2883 ultimo
2028 2809 2123 2883 ab
2184 2810 2540 2886 industria
2605 2811 3040 2884 hominum:
3109 2810 3273 2884 ideo

923 2930 1161 3024 primo
1213 2929 1457 3023 incipit
1506 2950 1548 3002 a
1600 2929 1977 3023 praemisso
2028 2930 2401 3025 principio,
2465 2941 2537 3006 et
2599 2930 2769 3004 dicit
2829 2930 3028 3023 quod
3079 2931 3274 3004 Deus

923 3049 1286 3124 ordinavit
1336 3049 1686 3125 virtutem
1739 3049 1812 3121 in
1864 3048 2063 3122 coelis
2112 3069 2245 3143 per
2298 3071 2519 3145 quam
2570 3051 2986 3145 producunt
3021 3059 3096 3125 et
3126 3050 3272 3124 dis-

924 3176 1206 3264 ponunt
1240 3169 1314 3241 in
1347 3176 1596 3243 actum
1641 3170 1817 3243 illud
1852 3168 2053 3262 quod
2089 3170 2378 3264 expedit
2417 3171 2780 3245 universo,
2818 3172 3003 3246 Dicit
3042 3193 3268 3269 ergo:

926 3293 1024 3360 Lo
1058 3292 1231 3380 Ben,
1267 3288 1537 3363 scilicet
1570 3290 1766 3365 Deus
1816 3290 1943 3382 qui
1998 3295 2108 3363 est
2158 3290 2549 3364 immobilis
2601 3289 2774 3385 ipse,
2826 3293 2945 3363 elie
2994 3294 3193 3382 volpe
3239 3316 3278 3362 e

925 3414 1241 3482 contenta
1289 3412 1344 3481 il
1389 3431 1638 3502 re9n0,
1690 3410 1897 3504 idest,
1950 3411 2249 3505 coelum,
2301 3413 2420 3482 che
2455 3417 2525 3482 tu
2563 3413 2835 3503 scandi,
2887 3411 3091 3505 idest,
3144 3432 3276 3506 per

928 3528 1125 3622 quod
1178 3534 1258 3600 tu
1311 3529 1640 3603 ascendis
1690 3529 1784 3603 de
1834 3549 2048 3623 spera
2101 3530 2173 3602 in
2234 3551 2549 3625 speram,
2605 3535 2691 3625 sa
2747 3534 3018 3623 virmte,
3068 3531 3273 3622 idest,

924 3649 1404 3745 influentiam,
1457 3673 1682 3723 essere
1721 3654 1793 3724 in
1847 3655 2063 3742 questi
2106 3655 2304 3743 corpi
2333 3655 2626 3742 yrandi,
2662 3653 2932 3727 scilicet
2965 3653 3167 3728 coelis
3201 3662 3276 3726 et
3371 3658 3380 3670 '

925 3772 1252 3865 planetiS,
1302 3792 1436 3845 sua
1474 3775 1989 3866 provvidenza,
2023 3772 2230 3866 idest,
2266 3791 2397 3865 per
2450 3794 2661 3846 suam
2714 3773 3267 3868 providentiam.

926 3891 1012 3965 Et
1061 3892 1385 3967 declarat
1437 3894 1574 3966 hoc
1623 3892 1915 3967 dicens:
1969 3915 2006 3965 e
2052 3912 2198 3964 non
2237 3914 2381 3984 pur
2433 3895 2493 3965 le
2543 3899 2794 3967 nature
2840 3915 2972 3967 son
3013 3915 3272 3986 prove-

926 4014 1083 4086 dute
1131 4015 1316 4088 nella
1367 4020 1611 4102 mente,
1663 4011 1954 4104 scilicet,
2009 4011 2149 4085 divi
2157 4033 2273 4104 na,
2311 4014 2411 4084 ch'
2432 4009 2473 4086 e*
2518 4016 2617 4087 da
2655 4008 2734 4086 se*
2761 4017 3087 4107 perfetta,
3130 4035 3274 4088 uon

927 4132 1023 4204 ab
1074 4133 1218 4206 alio
1268 4134 1454 4208 sicut
1518 4139 1808 4207 caeterae
1856 4133 1952 4205 ab
2012 4133 2191 4227 ipso,
2258 4153 2376 4205 ma
2425 4155 2595 4223 esse,
2658 4132 2932 4208 scilicet
2993 4139 3273 4208 naturae

931 4249 1178 4345 etiam,
1212 4254 1519 4346 insieme,
1553 4260 1724 4327 sunt
1773 4253 2107 4349 provisae,
2144 4274 2275 4326 con
2312 4257 2385 4326 la
2425 4248 2536 4326 lor
2569 4257 2813 4348 salute,
2854 4254 3059 4347 idest,
3095 4276 3264 4330 cum

931 4370 1134 4444 omni
1187 4391 1277 4446 eo
1328 4375 1524 4465 quod
1576 4374 1866 4468 expedit
1917 4374 2009 4448 ad
2061 4394 2321 4448 earum
2377 4375 2713 4449 salutem.
2768 4376 2855 4448 Et
2906 4376 3271 4450 concludit

1059 4556 1116 4620 (¹)
1149 4558 1212 4608 Ε.
1247 4558 1431 4609 faciem
1463 4561 1575 4610 eius
1606 4562 1947 4610 incurvatam.

1054 4632 1110 4697 (³)
1145 4634 1205 4685 E.
1241 4634 1455 4686 dubium
1489 4650 1583 4700 per
1618 4637 1832 4700 longum
1865 4636 2158 4688 discursum
2191 4652 2297 4701 quo
2330 4637 2459 4689 vult.
2710 4638 2765 4702 (⁸)
2799 4644 2845 4701 4,
2875 4639 3182 4704 dign-eumn,
