3734 5567
1223 469 1498 524 CANTUS
1547 472 1935 528 vlonsmus
1983 473 2243 527 Nouus.
2762 461 2898 526 199

557 615 735 690 dum
798 615 1090 691 solitum
1153 604 1439 709 caloris,
1499 620 1583 708 fu
1641 618 2015 709 combusta,
2088 615 2294 711 idest,
2362 618 2791 692 fulminatus
2856 640 2903 694 a

557 738 737 812 Jove
786 757 958 810 cum
1025 736 1181 831 ipso
1241 737 1640 828 Pbaetonte,
1686 758 1820 828 per
1891 741 1935 810 Γ
1955 740 2260 810 orazion
2308 739 2496 811 della
2546 745 2743 812 terra
2791 741 2905 812 di-

557 865 720 931 vota
731 883 763 950 ,·
817 856 1013 930 unde
1061 855 1358 929 Ovidius
1406 855 1803 930 introducit
1850 863 2130 931 terram
2193 877 2360 952 quae
2411 858 2678 932 ardens
2728 878 2905 955 por-

559 977 730 1073 rigit
777 976 1158 1070 querelam
1209 976 1302 1049 ad
1351 976 1633 1070 Iovem,
1687 976 1884 1069 quod
1945 996 2080 1071 pro
2144 983 2252 1049 tot
2317 977 2685 1053 beneficiis
2752 979 2903 1052 suis

559 1095 972 1191 patiebatur
1046 1094 1424 1191 indignum
1502 1095 1962 1189 supplicium,
2025 1102 2098 1169 et
2173 1096 2445 1169 meruit
2512 1097 2899 1192 exaudiri3

562 1215 757 1291 unde
790 1215 995 1290 dicit:
1033 1218 1317 1308 quando
1351 1220 1432 1309 fit
1473 1218 1686 1288 Giove
1718 1223 2213 1289 arcanamente
2250 1219 2498 1306 musto.
2541 1218 2694 1291 Hoc
2727 1217 2902 1291 dicit

561 1334 736 1431 quia
769 1334 1094 1428 Iuppiter
1146 1333 1556 1408 fulminavit
1589 1335 2041 1408 Phaetontem
2085 1342 2367 1409 secrete
2406 1335 2563 1410 sine
2595 1335 2896 1428 tonitru,

561 1456 716 1529 sine
766 1454 1105 1547 nubibus,
1141 1454 1339 1547 quod
1390 1459 1500 1527 est
1549 1452 1988 1547 impossibile
2029 1473 2160 1548 per
2195 1460 2562 1547 naturam,
2600 1460 2682 1527 ut
2731 1453 2901 1528 dicit

560 1574 947 1649 Albertus:
1021 1580 1286 1647 natura
1352 1575 1762 1664 compescuit
1831 1573 2104 1662 iynibus
2169 1574 2385 1663 iynes.
2412 1612 2510 1626 —
2548 1578 2699 1646 Tre.
2771 1573 2901 1648 Hic

561 1700 776 1789 poeta
842 1693 1014 1788 quia
1078 1693 1562 1787 descripserat
1628 1697 1908 1785 septem
1972 1691 2408 1765 candelabra
2480 1699 2554 1767 et
2620 1697 2900 1787 septem

564 1813 898 1887 flammas
939 1811 1422 1908 praecedentia
1462 1832 1795 1904 currum,
1833 1831 2029 1884 nunc
2063 1811 2402 1885 describit
2433 1818 2712 1907 septem
2749 1812 2901 1889 vir-

560 1933 766 2030 gines
816 1932 1246 2007 comitantes
1292 1932 1532 2027 ipsum
1583 1951 1932 2005 currum:
1971 1952 2142 2005 nam
2184 1912 2345 2026 post
2394 1940 2672 2027 septem
2708 1932 2901 2009 dona

562 2059 636 2139 et
683 2058 960 2147 septem
1014 2057 1472 2142 sacramenta
1525 2052 1716 2125 bene
1766 2058 2185 2144 sequuntur
2234 2059 2513 2147 septem
2569 2053 2898 2127 virtutes.

560 2173 648 2245 Et
698 2171 939 2266 primo
988 2170 1285 2265 quidem
1339 2170 1679 2245 describit
1730 2177 1881 2245 tres
1932 2171 2483 2246 excellentiores
2537 2177 2897 2266 quantum

562 2291 654 2366 ad
704 2298 955 2366 actum
1008 2297 1082 2365 et
1135 2296 1495 2384 quantum
1547 2288 1641 2363 ad
1705 2288 2061 2384 habitum,
2113 2289 2398 2365 dicens:
2461 2297 2596 2364 Tre
2643 2294 2900 2383 donne,

564 2411 873 2484 virtutes
926 2410 1372 2507 theologicae,
1411 2413 1663 2483 venian
1695 2411 2109 2500 danzandO,
2144 2409 2473 2485 faciendo
2524 2411 2792 2486 testum
2828 2418 2903 2486 et

564 2529 917 2626 gaudium
970 2549 1223 2603 coram
1274 2550 1538 2624 sponso
1598 2528 1947 2621 ecclesiae,
2016 2533 2090 2602 in
2147 2531 2337 2619 mro,
2390 2551 2602 2605 more
2666 2531 2902 2625 tripu-

561 2646 941 2749 diantium,
992 2649 1189 2721 dalla
1237 2651 1478 2721 destra
1533 2654 1770 2738 ruota,
1823 2668 1914 2721 ex
1976 2653 2184 2743 parte
2236 2649 2406 2723 novi
2459 2648 2894 2742 testamenti,

562 2767 735 2860 quia
786 2773 1119 2861 tempore
1170 2766 1338 2840 novi
1374 2767 1787 2841 testamenti
1822 2767 2123 2841 suerunt
2157 2774 2349 2841 uotae
2390 2767 2545 2841 istae
2574 2773 2729 2843 ,tres
2768 2767 2900 2842 do·

560 2887 821 2980 minae,
873 2893 947 2961 et
997 2906 1204 2961 ecce:
1256 2890 1301 2959 ι’
1324 2908 1472 2961 ema
1522 2894 1716 2961 tanco
1763 2907 2000 2978 rossa,
2050 2886 2343 2981 scilicet,
2396 2887 2682 2981 caritaS,
2718 2891 2819 2961 cla’
2846 2909 2896 2962 a

550 3026 739 3098 pena
765 3009 939 3099 fora
970 3013 1167 3096 nota,
1200 3006 1409 3100 idest,
1451 3013 1643 3081 esset
1676 3006 1992 3102 cognita,
2033 3007 2283 3079 dentre
2318 3010 2396 3079 al
2434 3005 2644 3099 [ηοω
2656 3033 2689 3099 ,·
2722 3007 2897 3101 quia

560 3126 823 3201 caritas
872 3125 1188 3200 incendit
1238 3132 1311 3200 et
1358 3125 1763 3199 inflammat
1814 3125 2190 3199 hominem
2240 3126 2332 3199 ad
2382 3146 2716 3201 amorem
2767 3125 2896 3201 Dei

512 3230 513 3233 Ὺ
562 3250 636 3319 et
684 3243 999 3339 proximi
1049 3244 1439 3338 plusquam
1489 3244 1751 3337 aliquis
1802 3243 2009 3340 ignis
2056 3244 2227 3319 Haec
2265 3245 2459 3319 enim
2504 3245 2674 3319 fecit
2705 3246 2901 3319 Lau-

562 3364 881 3438 rentium
935 3364 1185 3438 laetum
1222 3363 1412 3467 inter
1453 3364 1810 3457 flammaS,
1863 3365 2020 3438 baec
2068 3363 2238 3439 fecit
2287 3365 2692 3461 Euryalum
2744 3365 2899 3441 for-

564 3488 712 3557 tem
763 3482 952 3557 inter
1003 3483 1147 3557 tela
1197 3489 1272 3556 et
1320 3500 1569 3577 enses;
1603 3488 1678 3556 et
1713 3482 1811 3558 ita
1845 3483 1938 3557 de
1974 3486 2255 3578 multis3
2293 3489 2566 3576 l’alcm,
2600 3485 2897 3577 seilicet,

560 3624 747 3700 spes,
798 3624 927 3677 era
973 3625 1165 3678 come
1211 3626 1288 3678 se
1334 3608 1407 3678 la
1456 3625 1672 3677 carne
1720 3626 1758 3677 e
1807 3607 1852 3676 F
1879 3627 2045 3680 ossa
2086 3610 2363 3700 fossero
2411 3615 2584 3681 state
2617 3611 2792 3700 fatte
2819 3608 2897 3682 di·

558 3726 941 3817 smeraIdO,
998 3725 1123 3819 qui
1175 3732 1286 3799 est
1333 3724 1511 3820 lapis
1561 3723 1807 3799 viridis
1857 3725 2146 3819 coloris,
2194 3735 2269 3800 et
2317 3726 2674 3822 significat
2727 3728 2900 3803 viri-

559 3844 857 3921 ditatem
922 3844 1115 3939 spei;
1167 3846 1241 3917 la
1302 3851 1530 3935 terzo,
1590 3843 1885 3936 scilicet,
1936 3844 2142 3939 fideS,
2182 3866 2414 3937 parea
2477 3866 2646 3918 neve
2709 3844 2896 3937 teste)

561 3963 743 4040 idest
794 3964 1043 4057 modo,
1106 3985 1369 4055 mosset,
1420 3963 1631 4058 quasi
1678 3963 1896 4057 dicat,
1956 3972 2119 4038 erat
2178 3965 2545 4038 albissima
2601 3970 2901 4060 propter

561 4084 953 4179 puritatem
1006 4083 1172 4158 fidei
1224 4084 1648 4159 maximam.
1701 4083 1790 4157 Et
1837 4082 2082 4158 subdit
2129 4083 2447 4159 alternas
2498 4084 2691 4158 vices
2741 4083 2903 4162 illa-

560 4224 730 4278 rum
780 4203 1279 4297 dominarum,
1309 4204 1589 4279 dicens:
1626 4211 1695 4277 et
1721 4225 1813 4276 or
1836 4224 2121 4297 parcan
2154 4206 2350 4278 dalla
2383 4206 2638 4279 biaaeca
2671 4210 2901 4298 naue,

552 4321 851 4415 seilicet,
900 4343 949 4398 a
999 4323 1141 4398 fide
1188 4323 1694 4418 tripudiand03
1744 4343 1877 4416 per
1928 4323 2128 4416 quod
2177 4321 2449 4419 figurat
2507 4323 2705 4418 quod
2765 4325 2903 4400 ab·—

559 4441 853 4536 quando
887 4462 1053 4537 spes
1101 4450 1177 4518 et
1223 4441 1489 4517 caritas
1522 4443 1920 4516 trahuntur
1960 4462 2006 4527 a
2048 4441 2213 4536 fide,
2248 4441 2452 4536 idest,
2489 4443 2662 4537 quia
2698 4444 2901 4539 prius

558 4569 673 4638 est
718 4561 901 4637 fides
945 4562 1023 4637 in
1070 4563 1339 4657 anima,
1375 4582 1467 4636 ex
1505 4582 1655 4656 qua
1695 4560 2088 4658 insurgunt
2122 4568 2195 4637 et
2229 4569 2580 4638 creantur
2622 4583 2785 4658 spes
2824 4571 2898 4639 et
