3734 5567
1450 503 1725 558 CANTUs
1777 502 2062 557 munus.
2778 490 2919 557 307

578 661 742 751 post
790 660 1080 747 tempus
1139 649 1395 747 gratiae
1463 649 1710 745 magni
1748 641 1819 741 (¹)
1878 647 2195 744 theologi
2248 647 2608 740 poetriam
2672 648 2926 722 colue-

583 781 776 868 runt,
812 773 1000 846 sicut
1033 770 1476 864 Lactantiu3‚
1511 767 1879 861 RabanuS,
1909 769 2306 859 JuvencuS‚
2343 767 2706 861 Sedulius‚
2741 768 2928 840 Ara-

580 900 695 968 tor
744 898 820 967 et
866 890 990 964 alii
1043 890 1273 962 multi.
1324 890 1413 962 Et
1463 889 1784 985 assignat
1832 906 2135 961 causam
2188 887 2409 960 huius
2461 887 2758 979 erroriS‚
2816 885 2927 958 di-

580 1032 791 1087 cens:
844 1013 1048 1103 colpa
1079 1030 1117 1082 e
1155 1012 1388 1102 diseno
1429 1011 1586 1082 dell’
1597 1028 1850 1081 amane
1884 1009 2131 1097 voqlie.
2186 1007 2338 1079 Hoc
2386 1012 2724 1080 notanter
2759 1004 2929 1079 dicit

581 1134 847 1206 Dantes
882 1130 1228 1225 quoniam
1268 1130 1604 1203 voluntas
1640 1127 1952 1202 hominis
1988 1135 2099 1202 est
2132 1147 2358 1201 causa
2393 1127 2730 1200 omnium
2763 1147 2929 1202 ma-

583 1254 827 1327 lorum
881 1271 1026 1325 non
1077 1250 1451 1324 influentia
1504 1249 1695 1342 coeli,
1737 1247 1934 1342 quod
1987 1247 2140 1343 ipse
2175 1246 2513 1322 nobiliter
2555 1247 2927 1341 improba-

573 1372 684 1446 =vit
732 1368 1080 1466 principio
1133 1368 1355 1441 huius
1407 1367 1741 1463 capituli:
1780 1387 2003 1442 omne
2054 1367 2250 1441 enim
2302 1373 2691 1461 peccatum
2742 1366 2928 1441 adeo

582 1497 691 1566 est
741 1488 1266 1581 voluntarium,
1318 1487 1516 1582 quod
1568 1488 1743 1560 nihil
1796 1493 1907 1561 est
1957 1494 2343 1583 peccatum
2402 1486 2537 1561 nisi
2588 1487 2930 1561 volunta-

585 1611 802 1704 rium,
854 1616 939 1683 ut
988 1609 1091 1682 ait
1148 1607 1623 1704 Augustinus.
1678 1607 1879 1681 Bene
1937 1627 2120 1703 ergo
2180 1627 2378 1681 nunc
2445 1606 2643 1681 dolet
2706 1615 2929 1682 antor

584 1729 778 1825 quod
831 1728 1063 1802 virtus
1122 1735 1197 1803 et
1261 1727 1559 1803 scientia
1625 1733 1929 1802 careant
1978 1726 2281 1822 praemio
2346 1747 2505 1821 suo,
2577 1726 2928 1820 quoniam

584 1849 894 1924 virtutes
956 1855 1031 1923 et
1090 1847 1409 1922 scientiae
1469 1846 1972 1922 liberaverunt
2029 1846 2351 1919 animam
2410 1867 2453 1920 a
2514 1846 2933 1941 captivitate

587 1974 890 2041 naturae.
944 1967 1172 2062 Culpa
1225 1987 1407 2063 ergo
1460 1965 1846 2040 hominum
1887 1966 2170 2038 nullum
2208 1965 2568 2040 habemus
2608 1967 2931 2060 impera-

586 2092 849 2180 torem,
889 2092 966 2161 et
1003 2086 1291 2161 defectu
1327 2105 1592 2160 eorum
1630 2084 1914 2157 nullum
1954 2082 2312 2158 habemus
2348 2088 2931 2179 poetam—Che

571 2209 921 2300 partorir.
983 2207 1114 2280 Hic
1163 2212 1378 2300 poeta
1432 2203 1665 2279 reddit
1716 2224 2020 2278 causam
2087 2224 2241 2278 suae
2298 2205 2803 2300 querimoniae,
2857 2211 2932 2279 et

583 2328 743 2402 vult
789 2327 1035 2402 dicere
1085 2325 1613 2402 sententialiter
1663 2324 1860 2420 quod
1915 2345 2271 2421 magnum
2317 2324 2671 2428 gaudium
2715 2331 2789 2399 et
2826 2325 2931 2400 se-

585 2453 783 2519 stum
833 2445 1136 2520 deberet
1187 2444 1370 2539 fieri,
1432 2441 1608 2519 cum
1659 2441 1923 2539 aliquis
1974 2450 2189 2539 poeta
2241 2451 2543 2539 apparet
2596 2452 2931 2541 tempore

588 2571 860 2660 nostr0‚
897 2565 1095 2659 quod
1138 2586 1271 2660 pro
1321 2586 1402 2641 se
1450 2565 1695 2640 dicere
1746 2564 2060 2640 videtur.
2105 2565 2227 2637 Est
2261 2565 2457 2640 enim
2502 2565 2935 2662 singularis-

587 2685 771 2760 sima
812 2686 972 2759 laus
1008 2684 1233 2758 nostri
1269 2691 1524 2780 poetae,
1553 2685 1681 2780 qui
1714 2686 1915 2759 solus
1950 2684 2023 2757 in
2059 2684 2241 2758 orbe
2277 2705 2423 2759 non
2459 2705 2588 2779 spe
2619 2684 2934 2759 alicuius

585 2804 867 2900 praemii
920 2804 1340 2900 temporalis
1391 2826 1588 2880 nunc
1639 2804 2026 2880 affectabat
2064 2811 2139 2878 et
2179 2803 2519 2898 sperabat
2570 2805 2934 2899 lauream,

586 2945 754 2998 cum
808 2925 1054 3000 dicere
1104 2931 1387 3019 poterat
1439 2947 1587 3000 una
1652 2947 1826 3001 cum
1895 2925 2229 3020 Josepho,
2279 2923 2510 3019 ipsam
2563 2931 2741 3019 puto
2801 2945 2937 3021 ge-

588 3045 831 3120 nuisse
881 3045 1230 3120 virtutem
1289 3052 1575 3120 tantum
1628 3047 1849 3121 licere
1901 3045 2090 3120 vitiis
2140 3045 2436 3120 deflens,
2482 3044 2667 3120 Dicit
2716 3066 2931 3142 ergo:

595 3166 726 3238 Che
775 3167 848 3237 la
891 3169 1162 3259 fronda
1203 3168 1485 3256 Peneia,
1527 3165 1732 3258 idest,
1775 3186 2050 3240 corona
2101 3165 2399 3258 laurea3
2452 3184 2625 3238 nam
2677 3164 2936 3240 laurus

589 3284 811 3359 arbor
862 3284 1128 3359 dicitur
1177 3285 1400 3359 fuisse
1448 3284 1594 3359 filia
1646 3284 1965 3360 fluminis
2006 3284 2277 3360 Peneii.
2333 3285 2454 3358 Est
2491 3291 2747 3360 autem
2799 3285 2940 3361 Pe-

591 3404 799 3477 neius
852 3404 1120 3478 fluvius
1172 3425 1487 3501 magnus
1538 3409 1612 3478 et
1662 3404 1987 3478 famosus
2051 3402 2354 3478 Graeciae
2409 3403 2800 3479 admittens
2865 3404 2939 3479 in

561 3543 670 3597 ,se
720 3524 952 3597 multa
1003 3523 1330 3618 flumina,
1378 3524 1591 3599 cuius
1642 3525 1849 3599 vallis
1885 3530 2035 3599 tota
2074 3531 2188 3599 est
2226 3524 2643 3619 plenissima
2678 3524 2938 3620 lauris3

592 3641 755 3716 ideo
789 3642 978 3718 bene
1005 3643 1256 3738 Apollo
1295 3642 1591 3739 fingitur
1626 3643 2010 3718 adamasse
2045 3644 2366 3739 laurum,
2397 3644 2569 3738 quia
2605 3644 2714 3718 sol
2749 3645 2938 3719 hanc

587 3761 937 3836 arborem
987 3761 1108 3856 ibi,
1142 3763 1533 3858 plusquam
1586 3762 1660 3835 in
1711 3763 1997 3837 caeteris
2031 3763 2206 3837 locis
2240 3762 2574 3857 producit
2607 3769 2684 3838 et
2717 3763 2939 3858 fovet,

590 3880 688 3956 ita
740 3880 940 3975 quod
992 3902 1214 3955 suum
1266 3903 1602 3957 amorem
1656 3882 1968 3957 ostendit
2017 3883 2092 3956 in
2144 3904 2336 3978 eam,
2389 3883 2684 3977 quando
2745 3883 2941 3958 dedit

592 3999 725 4074 sibi
772 4008 1058 4076 tantum
1115 4003 1498 4097 honorem,
1536 4008 1618 4075 ut
1663 4022 1753 4077 ex
1807 4023 1897 4077 ea
1946 4004 2308 4100 principes
2343 4010 2417 4078 et
2451 4010 2686 4099 poetae
2721 4024 2940 4079 coro-

592 4128 986 4216 narentur3
1040 4124 1287 4195 dem-ia
1333 4126 1661 4215 partorir
1710 4126 1973 4217 lelizia,
2021 4124 2193 4220 quia
2246 4124 2526 4221 poetria
2578 4131 2689 4200 est
2738 4124 2941 4200 dele-

593 4238 1052 4316 ctabilissima
1087 4242 1584 4338 scientiarum,
1615 4250 1699 4318 ut
1730 4245 1994 4341 probat
2030 4246 2449 4320 Aristoteles
2485 4245 2559 4320 in
2592 4267 2728 4319 sua
2762 4266 2941 4342 poe-
3066 4311 3069 4312 f

597 4356 758 4452 tria,
791 4361 868 4430 in
904 4380 988 4432 su
1037 4363 1111 4433 la
1159 4365 1320 4436 {ieta
1352 4365 1598 4456 delfica
1638 4356 1846 4452 deitd,
1892 4365 2091 4461 quod
2126 4372 2237 4441 est
2270 4367 2515 4442 dicere
2549 4367 2622 4441 in
2664 4368 2941 4463 tempio

718 4613 775 4678 (¹)
809 4615 870 4666 E.
904 4618 1077 4681 magni
1109 4617 1417 4684 philosophi,
1453 4622 1697 4688 theologi.
