3734 5567
1421 516 1696 572 CANTUS
1745 517 2079 583 QUINTUS.
2772 510 2916 575 405

570 663 783 736 mittit
834 683 924 737 ex
980 661 1248 756 quibus
1298 662 1619 735 consistit
1680 668 1963 756 votum,
2017 666 2091 736 et
2147 661 2338 757 dicit,
2390 663 2587 756 quod
2653 671 2914 739 votum

566 789 849 858 constat
896 803 988 858 ex
1040 783 1350 876 duobuS,
1386 782 1677 875 scilicet,
1713 802 1807 856 ex
1845 783 2151 856 materia
2187 787 2260 856 et
2294 781 2564 855 forma:
2603 785 2916 859 materia

567 913 675 980 est
727 905 876 1000 ipsa
930 924 1048 979 res
1098 924 1189 980 ex
1243 924 1389 997 qua
1444 903 1545 996 fit,
1598 902 1831 977 forma
1886 909 1997 976 est
2046 903 2195 996 ipsa
2240 902 2663 998 conventi03
2720 905 2918 980 unde

570 1026 775 1100 dicit:
830 1030 983 1098 Due
1030 1045 1186 1097 cose
1232 1027 1296 1096 si
1342 1043 1792 1113 convenyono
1841 1026 1961 1095 alt’
1986 1043 2301 1115 essenza,
2349 1022 2554 1117 idest,
2589 1023 2684 1097 ad
2735 1023 2915 1097 sub-

570 1146 930 1239 stantiam,
984 1148 1059 1219 di
1106 1151 1338 1237 questo
1399 1146 1772 1236 sacrific-im
1836 1143 2129 1236 scilicet,
2193 1143 2366 1236 voti,
2429 1143 2625 1236 quod
2688 1166 2913 1239 supra

568 1266 954 1361 appellavit
1004 1266 1401 1359 victimam,
1451 1268 1659 1338 tuna
1707 1260 1750 1337 e*
1793 1267 2021 1354 quella
2072 1266 2146 1336 di
2193 1264 2313 1336 clue
2359 1266 2423 1335 si
2463 1266 2573 1357 sa,
2621 1269 2697 1337 et
2754 1265 2912 1338 haec

567 1393 679 1461 est
727 1386 1058 1481 materia,
1111 1389 1156 1459 l’
1182 1389 1372 1459 altra
1421 1381 1463 1459 e*
1513 1387 1585 1457 la
1633 1405 2070 1477 connuenza,
2117 1383 2322 1476 idest,
2374 1384 2785 1477 conventio,
2837 1390 2913 1458 et

566 1509 724 1582 haec
774 1513 885 1582 est
934 1506 1194 1581 forma.
1247 1506 1337 1579 Et
1384 1505 1714 1579 verificat
1761 1490 2039 1578 dietum
2102 1525 2348 1597 suum,
2401 1509 2764 1597 quantum
2815 1503 2910 1577 ad

566 1626 904 1720 sormam,
957 1626 1243 1701 dicens:
1297 1631 1535 1718 questa
1582 1628 1847 1716 ultima,
1893 1624 2183 1717 seilicet,
2220 1623 2630 1717 conventio,
2676 1626 2910 1714 qiam-

564 1750 710 1819 mai
755 1767 902 1819 non
948 1751 1010 1820 si
1057 1749 1394 1837 cancella,
1435 1746 1642 1838 idest,
1677 1765 1823 1817 non
1861 1743 2279 1839 remittitur,
2312 1765 2386 1816 se
2416 1765 2563 1817 non
2593 1750 2907 1834 servata,

566 1886 696 1961 per
747 1867 1180 1941 solutionem
1232 1865 1474 1957 debiti,
1518 1865 1691 1959 quia
1727 1863 2090 1938 solutione
2135 1863 2295 1938 eius
2346 1863 2542 1958 quod
2593 1862 2906 1937 debetur

564 1987 800 2060 omnis
853 1987 1126 2060 tollitur
1159 1986 1523 2082 obligatio,
1559 2005 1597 2056 e
1628 1988 1912 2057 intorno
1945 1986 2021 2057 di
2053 1987 2139 2056 lei
2167 1976 2228 2055 sl
2248 1988 2529 2077 preciso
2571 1986 2645 2056 di
2683 2003 2903 2076 sopra

563 2112 627 2180 si
666 2111 953 2201 savella,
1006 2107 1212 2202 qnasi
1276 2107 1489 2199 dicat,
1544 2105 1669 2178 ubi
1731 2103 1876 2179 dixi
1944 2125 2166 2198 supra
2227 2103 2644 2198 simpliciter
2707 2102 2903 2197 quod

565 2234 816 2302 votum
874 2249 1018 2301 non
1053 2233 1342 2322 poterat
1387 2225 1562 2318 tolli,
1597 2224 1822 2299 habui
1872 2230 2283 2318 respectum
2335 2223 2429 2298 ad
2480 2222 2905 2298 conventio—

563 2369 757 2441 nem,
794 2368 964 2441 quae
1002 2353 1113 2422 est
1164 2348 1398 2420 forma
1452 2345 1623 2440 voti,
1677 2352 1751 2420 et
1800 2344 2038 2419 forma
2075 2349 2184 2419 est
2224 2365 2392 2438 quae
2436 2344 2562 2418 dat
2596 2363 2756 2417 esse
2798 2342 2904 2416 rei

565 2475 638 2542 et
686 2475 1076 2541 conservat
1126 2487 1290 2541 eam
1344 2466 1419 2540 in
1468 2485 1648 2540 esse.
1713 2466 1799 2538 Et
1858 2465 2121 2560 probat
2169 2464 2446 2537 dictum
2499 2484 2718 2536 suum
2773 2482 2905 2557 per

566 2587 801 2684 legem
855 2587 1259 2680 antiquam,
1312 2607 1480 2680 quae
1531 2585 1667 2659 fuit
1709 2586 1950 2681 figura
1985 2606 2220 2680 novae,
2255 2585 2532 2659 dicens:
2559 2577 2739 2678 pero
2780 2605 2905 2655 ow·

564 2711 874 2781 cessitaco
916 2712 1026 2802 su,
1077 2707 1280 2802 idest,
1335 2706 1748 2781 necessario
1810 2707 2258 2801 impositum,
2312 2707 2459 2796 aqli
2508 2706 2717 2794 ebrei,
2771 2723 2903 2796 per

560 2831 878 2925 Moysem
934 2849 1027 2903 ex
1079 2835 1444 2924 praecepto
1496 2827 1805 2920 Domini,
1850 2849 1994 2919 pur
2045 2830 2413 2920 l’offerire,
2466 2825 2653 2898 sicut
2704 2828 2902 2918 patet

559 2950 632 3022 in
685 2950 934 3024 Exodo
985 2956 1060 3023 et
1107 2948 1449 3042 Levitico,
1504 2968 1727 3020 ancor
1777 2950 1879 3019 ch’
1901 2951 2155 3021 alcuna
2210 2951 2462 3039 offerta
2509 2947 2573 3016 si
2606 2964 2901 3037 permu—

560 3076 763 3161 tasse,
818 3069 1003 3141 sicut
1056 3067 1244 3141 filius
1294 3068 1508 3141 Abrae
1562 3068 1632 3140 in
1685 3067 2038 3159 arietem3
2093 3072 2166 3141 et
2214 3066 2406 3158 dicit,
2461 3085 2651 3136 come
2687 3084 2901 3155 saper

560 3192 694 3280 dei,
722 3188 893 3282 quia
920 3208 1143 3263 verus
1168 3188 1602 3262 christianus
1637 3192 1711 3262 et
1741 3189 2125 3283 theologus
2151 3187 2373 3261 debes
2399 3185 2585 3262 scire
2613 3191 2900 3257 utram-

560 3328 708 3402 que
756 3308 1018 3403 legem.
1047 3348 1146 3362 —
1171 3312 1245 3380 L’
1272 3311 1481 3381 altra.
1550 3307 1680 3381 Hic
1746 3307 2039 3382 Beatrix
2100 3306 2471 3382 verificata
2538 3303 2900 3378 solutione

562 3448 694 3501 sua
729 3428 820 3502 de
862 3449 944 3503 re
993 3427 1563 3523 impermutabili
1615 3426 1944 3502 verificat
1982 3427 2210 3522 ipsam
2265 3427 2357 3501 de
2406 3420 2897 3522 permutabili‚

562 3549 839 3623 dicens:
872 3552 1170 3641 L’altra,
1210 3548 1482 3622 scilicet
1520 3569 1660 3642 reS,
1696 3551 1815 3623 clze
1850 3552 1895 3621 ι’
1922 3545 1963 3622 ε’
1991 3555 2264 3640 aperta,
2302 3547 2504 3639 idest,
2538 3547 2693 3641 jam
2739 3563 2899 3617 ma-

560 3670 890 3743 nifestata
942 3668 1089 3762 tibi,
1135 3689 1268 3760 per
1318 3672 1640 3761 matm'a,
1686 3668 1957 3743 scilieet
2007 3668 2177 3762 voti,
2227 3689 2320 3741 ex
2363 3689 2507 3761 qua
2561 3665 2661 3758 fit,
2692 3672 2900 3756 puote

556 3790 724 3862 bene
756 3810 942 3861 esser
975 3791 1098 3880 tal,
1132 3788 1333 3882 idest,
1361 3788 1457 3862 ita
1494 3787 2007 3882 conditionata,
2036 3790 2156 3861 che
2185 3808 2329 3860 non
2360 3790 2422 3858 si
2449 3788 2656 3880 salla,
2693 3785 2897 3877 idest,

556 3931 704 3984 non
754 3915 1072 4003 erratur,
1112 3931 1187 3982 se
1235 3930 1367 3982 con
1413 3912 1608 3983 altra
1657 3912 1981 4002 materia,
2025 3908 2206 3983 idest
2258 3928 2362 4001 re,
2407 3910 2470 3979 si
2518 3911 2895 3999 converta;

554 4030 763 4124 sicut,
782 4030 1148 4125 ,ieiunium
1174 4030 1248 4102 in
1275 4027 1817 4104 eleemosinam.
1847 4031 1936 4103 Et
1971 4029 2086 4102 hic
2122 4037 2317 4120 nota,
2344 4026 2538 4120 quod
2566 4026 2658 4100 ad
2686 4047 2895 4100 com-

554 4153 1032 4225 mutationem
1088 4150 1235 4223 voti
1290 4150 1611 4246 legitime
1635 4143 1708 4241 (¹)
1751 4148 2183 4240 faciendam,
2222 4147 2358 4221 tria
2403 4145 2896 4241 principaliter

558 4268 1072 4362 requiruntur:
1127 4270 1475 4365 primum,
1528 4270 1887 4344 autoritas
1949 4268 2349 4363 superioris
2367 4292 2387 4363 ;
2437 4258 2892 4361 secundo(²),

562 4389 967 4464 melioratio
1006 4390 1153 4484 rei3
1209 4391 1421 4464 tertio
1439 4381 1541 4484 (³),
1595 4410 1820 4465 causa
1874 4390 2222 4487 legitima,
2264 4389 2454 4464 sicut
2504 4388 2561 4462 si
2614 4409 2891 4464 vovens

672 4647 726 4710 (¹)
759 4647 821 4698 E.
853 4648 1134 4701 liberrime.
1382 4649 1439 4712 ζ’)
1470 4651 1531 4700 E.
1565 4651 1868 4702 secundum.
2119 4650 2175 4713 0)
2209 4650 2270 4701 Ε.
2303 4651 2537 4700 tertium.
