3734 5567
761 541 770 548 ·
872 509 916 573 2
1592 515 2000 571 COMENTUM
2049 514 2494 570 PURGATonn

872 664 1329 741 desiderabat
1383 662 1570 737 scire
1629 680 1933 734 causam
2001 660 2189 733 illius
2247 663 2738 751 terraemotuS‚
2797 657 2961 732 ideo
3020 679 3218 733 nunc

872 787 1226 881 replicans
1262 784 1454 858 idem
1490 780 1802 856 ostendit
1836 802 2049 855 suam
2086 780 2627 874 dispositionem
2647 803 2668 872 ;
2696 784 2770 853 et
2801 778 2993 873 dicit,
3021 778 3219 872 quod

871 906 1233 1000 appetitus
1283 902 1551 978 sciendi
1606 901 1822 976 nimis
1875 901 2309 976 molestabat
2360 920 2558 974 eum.
2603 898 2743 973 Sed
2796 899 2888 972 ad
2941 899 3221 993 plenio-

876 1045 1032 1099 rem
1101 1022 1652 1120 intelligentiam
1723 1022 1954 1095 literae
2027 1028 2139 1095 est
2214 1020 2452 1114 primo
2533 1017 2944 1112 sciendum,
3020 1019 3219 1113 quod

875 1165 1049 1219 cum
1080 1136 1152 1236 (¹)
1210 1144 1537 1219 Christus
1570 1141 1663 1216 de
1698 1141 1949 1215 Judaea
1990 1140 2129 1215 iret
2170 1141 2241 1213 in
2284 1138 2658 1213 Galilaeam
2695 1138 3052 1212 transiens
3089 1159 3220 1232 per

879 1264 1288 1338 Samariam
1341 1261 1674 1357 pervenit
1724 1260 1817 1334 ad
1866 1260 2114 1334 locum
2168 1259 2295 1332 ubi
2330 1265 2490 1333 erat
2523 1258 2683 1331 fons
2718 1258 2966 1351 Jacob,
3001 1265 3077 1332 et
3109 1258 3220 1332 fa-

878 1384 1148 1480 tigatus
1200 1405 1293 1459 ex
1345 1384 1605 1457 itinere
1656 1381 1876 1475 coepit
1927 1381 2185 1455 sedere
2234 1380 2354 1453 ibi.
2409 1380 2497 1452 Et
2547 1398 2721 1453 ecce
2782 1378 3049 1453 mulier
3099 1400 3218 1454 sa-

876 1505 1236 1578 maritana
1302 1502 1502 1576 venit
1562 1500 1654 1574 ad
1718 1500 2200 1574 hauriendam
2261 1520 2583 1593 aquam3
2637 1498 2960 1592 discipuli
3022 1498 3215 1573 enim

874 1623 1160 1698 iverant
1208 1623 1284 1695 in
1335 1622 1703 1695 civitatem
1763 1620 1855 1693 ad
1924 1619 2320 1694 emendum
2356 1609 2429 1710 (²)
2499 1617 2718 1691 cibos,
2788 1617 2979 1689 Dixit
3037 1638 3220 1714 ergo

875 1742 1121 1817 Jesus:
1173 1741 1265 1814 da
1318 1740 1496 1813 mibi
1546 1740 1819 1814 bibere.
1876 1739 2006 1813 Cui
2062 1738 2328 1813 mulier
2382 1737 2790 1832 respondit:
2846 1737 3220 1830 quomodo

873 1884 1049 1937 cum
1100 1863 1194 1935 sis
1225 1862 1518 1957 judaeus
1559 1860 1742 1954 petis
1777 1881 1822 1933 a
1858 1880 1981 1934 me
2015 1859 2461 1934 samaritana
2495 1859 2799 1933 bibere?
2840 1880 2986 1932 non
3023 1860 3220 1935 enim

876 1990 1281 2056 coutuntur
1305 1981 1531 2076 judaei
1565 1980 2046 2053 samaritanis.
2084 1979 2477 2074 Respondit
2505 1969 2580 2071 (³)
2616 1978 2863 2053 Jesus:
2903 1980 2960 2052 si
2997 1981 3224 2055 scires

874 2102 1152 2176 donum
1204 2102 1333 2176 Dei
1385 2102 1636 2195 quanti
1689 2100 1956 2175 valoris
2005 2100 2097 2172 sit
2147 2100 2446 2194 petisses
2498 2099 2593 2173 ab
2637 2120 2751 2193 e0,
2788 2106 2862 2174 et
2909 2099 3222 2174 dedisset

877 2220 1004 2295 tibi
1055 2242 1328 2314 aquam
1381 2220 1668 2313 vivam3
1705 2225 1779 2294 et
1830 2219 2103 2293 subdit:
2148 2220 2387 2293 omnis
2423 2219 2547 2313 qui
2584 2219 2848 2293 biberit
2888 2239 2979 2293 ex
3024 2240 3221 2313 aqua

879 2340 1014 2413 bac
1066 2340 1257 2414 sitiet
1306 2339 1618 2432 iterum3
1678 2339 1874 2433 *qui
1938 2344 2189 2412 autem
2256 2339 2519 2413 biberit
2579 2359 2670 2413 ex
2734 2359 2930 2432 aqua
2990 2360 3219 2432 quam

880 2479 1020 2555 ego
1069 2458 1258 2533 dabo
1311 2458 1436 2533 tibi
1488 2479 1633 2531 non
1686 2458 1877 2532 sitiet
1910 2456 2307 2551 unquam*
2340 2445 2435 2549 (⁴).
2480 2458 2587 2531 De
2621 2457 2755 2530 ista
2791 2478 2986 2551 aqua
3020 2457 3221 2531 dice-

881 2584 1004 2651 tur
1054 2578 1373 2652 Paradisi
1425 2579 1741 2672 capitulo
1783 2579 2005 2650 XXX.
2049 2579 2258 2651 Nunc
2295 2577 2435 2652 erit
2484 2577 2695 2651 litera
2745 2578 2943 2651 clara
2995 2599 3219 2671 quam

879 2717 1165 2793 expone
1215 2698 1356 2772 sic:
1410 2703 1514 2771 La
1571 2705 1735 2770 sete·
1764 2700 2080 2787 natural,
2145 2696 2351 2789 idest,
2417 2696 2861 2771 desiderium
2913 2698 3181 2771 sciendi
3202 2721 3222 2792 3

878 2839 1051 2891 nam
1131 2839 1389 2893 omnes
1468 2818 1899 2892 naturaliter
1977 2817 2164 2890 scire
2238 2816 2691 2909 desiderant3
2752 2816 2964 2890 cuius
3040 2818 3223 2891 ratio

878 2937 1170 3013 videtur
1245 2939 1418 3032 quia
1500 2938 2009 3032 unusquisque
2085 2936 2357 3032 appetit
2435 2936 2869 3011 naturaliter
2954 2937 3222 3030 perfici.

879 3057 1189 3131 Scientia
1242 3066 1494 3132 autem
1548 3063 1657 3132 est
1707 3057 2057 3151 perfectio
2108 3058 2396 3150 animae,
2451 3057 2616 3131 licet
2668 3056 2828 3131 talis
2880 3056 3226 3150 perfectio

880 3197 1028 3248 non
1079 3176 1439 3250 habeatur
1500 3177 1571 3249 in
1637 3177 1753 3251 via
1815 3178 1907 3250 ad
1969 3176 2294 3270 plenum,
2348 3176 2472 3250 sed
2526 3176 2764 3251 solum
2822 3177 2891 3249 in
2945 3177 3227 3271 patria;

880 3294 1044 3368 ideo
1095 3295 1302 3368 dicit:
1361 3298 1481 3368 che
1531 3298 1676 3366 mai
1725 3316 1868 3366 non
1917 3299 2148 3385 sazia,
2202 3295 2606 3389 appetitum
2658 3297 2907 3389 animi,
2958 3318 3033 3368 se
3083 3317 3228 3369 non

882 3437 1015 3488 con
1065 3418 1108 3487 F
1135 3434 1388 3506 acqua,
1425 3415 1695 3488 scilicet
1738 3414 1926 3507 viva,
1971 3434 2139 3507 quae
2185 3420 2294 3489 est
2336 3415 2572 3510 gratia
2615 3415 2922 3509 Spiritus
2974 3416 3226 3510 sancti,

881 3537 1089 3626 onde,
1154 3535 1356 3628 idest,
1425 3555 1645 3628 aqua,
1715 3536 1789 3606 la
1844 3538 2268 3628 femminetta
2333 3537 2779 3606 samaritana
2844 3527 3230 3609 adimando

884 3658 957 3728 la
1004 3657 1288 3745 qrazia,
1339 3674 1511 3728 cum
1573 3654 1788 3727 dixit:
1851 3656 2177 3744 Domine,
2227 3656 2324 3726 da
2377 3657 2542 3727 mihi
2589 3658 2675 3727 de
2723 3657 2853 3727 hac
2903 3674 3095 3746 aqua
3157 3662 3233 3728 ut

883 3795 1028 3847 non
1075 3777 1305 3846 sitiam
1352 3777 1429 3846 in
1478 3782 1839 3865 aeternum,
1899 3773 2088 3847 sicut
2143 3773 2485 3846 scribitur
2543 3774 2837 3848 Ioannis
2887 3776 2979 3848 IV
3030 3774 3230 3869 capi-

886 3896 1061 3968 tu10.
1124 3896 1210 3968 Et
1272 3896 1389 3969 hic
1456 3901 1629 3969 nota
1687 3893 1887 3989 quod
1946 3894 2366 3967 samaritani
2431 3894 2780 3970 differunt
2843 3917 2889 3971 a
2940 3896 3228 3991 judaeis,

883 4016 1070 4089 sicut
1117 4015 1341 4111 graeci
1389 4035 1435 4089 a
1486 4014 1744 4106 latinis,
1803 4013 1975 4107 quia
2028 4019 2199 4086 sunt
2250 4014 2635 4088 scismatici
2698 4014 2770 4087 in
2825 4014 3001 4110 fide3
3056 4035 3225 4088 nam

884 4134 1178 4229 quando
1239 4133 1578 4209 videbant
1619 4133 1907 4228 judaeos
1948 4134 2214 4209 florere
2267 4135 2726 4230 appellabant
2778 4155 2906 4209 eos
2955 4155 3229 4231 cogna-

1008 4400 1064 4463 (¹)
1095 4399 1155 4449 E.
1174 4413 1297 4449 cum
1313 4399 1631 4463 Redemptor
1648 4403 1826 4450 noster
1844 4399 2240 4461 pretiosissimus
2259 4399 2514 4451 Dominus
2533 4406 2708 4451 noster
2727 4401 2758 4449 J
2760 4415 2877 4452 esus
2894 4401 3128 4454 Christus
3147 4402 3229 4454 do.

1010 4474 1066 4613 g}
1098 4475 1161 4600 ξ.
1191 4476 1473 4613 ἱῗξέἒιξῗέῑ
1507 4551 1758 4601 Dominus
1787 4551 1954 4601 lesus-

1007 4627 1063 4691 (“)
1094 4627 1168 4677 Le
1200 4628 1378 4690 parole
1408 4627 1490 4678 fra
1523 4629 1542 4678 i
1573 4627 1675 4678 due
1707 4627 1972 4678 asterisehi
2004 4640 2132 4677 sono
2164 4626 2248 4677 dei
2277 4625 2451 4678 Codlci
2483 4629 2543 4679 E.
2576 4643 2608 4680 ο
2639 4629 2691 4680 S.
