3734 5567
926 477 1068 546 370
1706 486 2115 542 commum
2163 486 2495 540 mlumsr

923 635 1058 708 est·
1084 633 1436 708 remotior
1485 654 1529 707 a
1582 632 1821 727 primo
1875 630 2124 706 mobili
2174 636 2250 705 et
2298 630 2602 705 vicinior
2653 636 2897 723 terrae,
2939 649 3120 723 quae
3184 636 3320 704 aet

920 753 1311 828 immobilis
1374 761 1449 829 et
1512 754 1782 850 gravisi,
1836 754 1957 829 vel
2014 752 2189 847 quia
2241 752 2412 827 facit
2472 752 2738 828 tardos.
2767 792 2865 806 -
2889 755 2973 824 Li
3018 754 3315 828 nostri.

919 873 1048 947 Hic
1074 865 1148 965 (¹)
1206 872 1558 948 Picharda
1629 873 2016 969 respondet
2082 872 2464 967 quaestioni
2530 872 2791 966 tacitae,
2844 872 3018 966 quia
3068 871 3312 946 enim

919 993 1187 1067 Dantes
1248 997 1538 1088 poterat
1595 999 1887 1088 petere:
1951 992 2324 1087 quomodo
2391 1012 2634 1066 nonne
2698 991 3087 1065 tristamini
3151 1013 3312 1066 vos

921 1133 1082 1188 esse
1130 1113 1208 1187 in
1256 1114 1557 1188 bassiori
1610 1116 1769 1189 loco
1827 1113 2185 1209 parvioris
2252 1114 2617 1207 planetae?
2665 1112 3081 1208 Respondet
3166 1112 3307 1185 Pi-

922 1232 1220 1327 charda,
1271 1234 1468 1328 quod
1521 1233 1758 1328 potius
1809 1234 2173 1308 laetantur.
2228 1232 2410 1306 Dicit
2472 1253 2691 1329 ergo:
2746 1234 2826 1305 Li
2874 1233 3109 1305 nostri
3166 1236 3307 1325 as-

915 1354 1090 1446 sedi,
1131 1352 1334 1447 idest,
1371 1352 1812 1447 affectioneS,
1838 1356 1960 1427 che
1989 1374 2167 1426 sono
2209 1355 2628 1446 inflammati
2656 1356 2808 1425 solo
2840 1355 2959 1425 nel
2979 1355 3306 1445 piacere

923 1475 1104 1547 dello
1135 1476 1394 1566 spirito
1442 1482 1672 1565 samo,
1712 1477 2008 1569 formati
2064 1475 2180 1547 del
2223 1494 2351 1546 suo
2400 1476 2648 1547 ordine
2698 1475 3005 1564 letizian,
3057 1473 3301 1566 idest,

925 1592 1285 1667 laetantur.
1337 1594 1425 1667 Et
1473 1593 1715 1668 subdit
1764 1593 2117 1668 Picharda
2166 1593 2544 1667 declarans
2594 1593 2771 1667 illud
2820 1592 3017 1685 quod
3057 1592 3303 1668 dixe·-

923 1719 1036 1788 rat
1086 1734 1334 1808 supra,
1386 1713 1656 1788 scilicet
1708 1714 1906 1807 quod
1965 1719 2178 1788 erant
2238 1713 2353 1787 hic
2411 1713 2760 1807 relegatae
2818 1732 2909 1787 ex
2973 1711 3291 1785 defectu

922 1832 1093 1927 voti,
1145 1834 1344 1927 quod
1393 1834 1669 1908 dictum
1723 1833 2109 1908 videbatur
2158 1834 2585 1927 obscurum,
2622 1832 2793 1925 quia
2842 1853 2990 1906 non
3041 1852 3299 1927 appa-

923 1954 1131 2027 rebat
1180 1954 1239 2027 si
1290 1960 1546 2048 sponte
1597 1954 2076 2052 neglexerant
2129 1960 2411 2047 votum,
2446 1953 2564 2027 vel
2601 1959 2855 2025 utrum
2892 1952 2964 2025 in
3000 1959 3290 2045 totum,

925 2074 1041 2148 vel
1092 2093 1228 2168 pro
1277 2080 1509 2167 parte,
1563 2074 1726 2148 ideo
1788 2073 1993 2148 dicit:
2048 2093 2254 2169 ergo,
2305 2095 2343 2145 e
2392 2079 2630 2164 questa
2690 2078 2902 2162 sorte,
2968 2071 3289 2163 scilicet,

924 2191 1085 2286 loci,
1138 2194 1257 2264 che
1294 2212 1444 2284 par
1490 2187 1611 2283 ‚qizl
1673 2200 1976 2282 cotantO,
2038 2192 2211 2286 quia
2272 2192 2468 2265 nulla
2535 2199 2645 2265 est
2713 2191 3035 2285 inferior,
3087 2183 3289 2283 perd

924 2308 1062 2385 n’e‘
1105 2314 1300 2403 data,
1351 2313 1446 2387 ab
1495 2312 1753 2387 ordine
1799 2312 2063 2387 divinae
2086 2312 2410 2407 justitiae,
2441 2308 2697 2403 perche*
2740 2314 2791 2384 li
2838 2314 3066 2385 nostri
3100 2312 3284 2401 voti,

925 2429 1194 2505 scilicet
1222 2422 1298 2523 (²)
1366 2432 1849 2525 continentiae,
1914 2452 2082 2525 quae
2156 2431 2569 2506 feceramus
2646 2430 2716 2503 in
2796 2431 3097 2523 mundo,
3142 2435 3283 2524 fur

923 2553 1196 2642 περιείη·
1243 2573 1281 2625 e
1332 2548 1492 2645 villi,
1551 2551 1760 2642 idest,
1814 2572 2049 2628 vacua
2109 2557 2185 2626 et
2248 2571 2394 2624 non
2452 2550 2865 2644 adimpleta,
2926 2553 3002 2624 in
3058 2552 3282 2624 alcun

921 2678 1150 2765 canto,
1207 2672 1412 2765 idest,
1463 2672 1538 2748 in
1590 2671 1834 2765 aliqua
1887 2677 2094 2764 parte
2144 2670 2280 2765 sui,
2333 2670 2521 2744 sicut
2584 2671 2795 2764 plene
2844 2669 3279 2744 declaratur

922 2790 996 2864 in
1047 2791 1364 2886 capitulo
1415 2791 1771 2885 sequenti.
1824 2791 1913 2864 Et
1963 2811 2109 2864 non
2174 2790 2514 2886 intellige,
2564 2790 2820 2884 lector,
2872 2789 3068 2884 quod
3128 2788 3276 2862 ista

919 2910 1338 3005 simpliciter
1389 2910 1740 3006 intelligat
1789 2930 1872 2983 se
1921 2929 2082 2985 esse
2114 2909 2423 3003 positam
2467 2909 2541 2983 iu
2580 2928 2891 3006 corpore
2935 2909 3127 2983 lunae
3171 2927 3271 2983 ex

918 3028 1207 3104 defectu
1258 3030 1429 3124 voti,
1481 3030 1671 3104 sicut
1720 3029 2020 3124 quidam
2075 3029 2252 3103 falso
2304 3035 2724 3123 exponuut3
2778 3049 2949 3102 nam
3002 3047 3275 3102 omnes

917 3153 1186 3221 sanctae
1240 3148 1556 3244 virgines
1606 3153 1777 3221 sunt
1826 3149 1900 3221 in
1952 3150 2150 3242 luna,
2184 3148 2372 3223 sicut
2406 3156 2610 3243 potes
2652 3148 2903 3223 videre
2938 3147 3013 3221 in
3046 3147 3269 3222 beata

917 3266 1151 3360 Clara,
1205 3287 1373 3361 quae
1424 3275 1534 3343 est
1585 3268 1659 3341 in
1710 3269 1971 3343 eadem
2024 3290 2260 3364 spera,
2314 3275 2387 3344 et
2437 3276 2688 3344 tamen
2740 3289 2887 3343 non
2936 3267 3267 3364 neglexit

923 3391 1201 3480 votum,
1252 3388 1401 3462 imo
1452 3389 2174 3483 perseverantissime
2236 3390 2576 3464 servavit.
2632 3389 2831 3464 Sicut
2897 3388 3093 3464 enim
3153 3389 3268 3464 sol

920 3505 1048 3599 qui
1098 3512 1207 3581 est
1256 3513 1463 3603 pater
1513 3508 1775 3582 caloris
1817 3508 1985 3583 facit
2026 3509 2223 3583 viros
2259 3508 2643 3604 sapienteS‚
2678 3509 2777 3583 ita
2812 3508 2986 3581 luna
3024 3516 3266 3584 mater

922 3626 1254 3701 humoris
1318 3628 1486 3702 facit
1550 3628 1897 3709 mulieres
1966 3629 2324 3703 honestas.
2390 3628 2529 3702 Sed
2599 3627 2756 3704 vult
2821 3626 3067 3702 dicere
3125 3627 3264 3701 ista

919 3744 1129 3841 virgo
1180 3747 1379 3840 quod
1445 3754 1555 3823 est
1615 3747 1843 3842 posita
1906 3747 1978 3820 in
2038 3747 2285 3821 infima
2347 3753 2558 3842 parte
2619 3746 2836 3842 lunae,
2888 3747 3061 3841 quia
3113 3767 3263 3826 nou

918 3867 1239 3943 solverat
1288 3868 1573 3965 integre
1622 3868 1947 3943 debitum
2002 3867 2176 3961 voti,
2227 3867 2414 3942 sicut
2454 3868 2610 3961 jam
2677 3867 2949 3942 dictum
3004 3873 3134 3943 est.
3161 3906 3262 3926 «-

928 3992 1224 4062 Ond’iO.
1276 3989 1405 4063 Hic
1455 3993 1673 4063 autor
1723 3994 2028 4063 excusat
2078 4008 2161 4062 se
2208 3988 2302 4061 ab
2354 4007 2446 4062 eo
2497 3988 2694 4082 quod
2748 4009 2893 4062 non
2942 3989 3085 4063 cito
3137 4007 3261 4063 re-

919 4108 1260 4202 cognovit
1287 4129 1452 4183 eam
1482 4114 1780 4203 propter
1808 4109 2314 4183 excellentiam
2346 4109 2662 4203 luminiS‚
2682 4109 2960 4185 dicens:
3000 4112 3179 4184 Ond’
3190 4112 3259 4182 io

993 4529 1004 4541 ·
1039 4453 1093 4514 (¹)
1124 4453 1187 4504 Ε.
1219 4455 1320 4505 Hic
1351 4460 1501 4518 poeta
1536 4457 1679 4519 pontt
1699 4453 2086 4518 responsionem
2107 4456 2250 4508 illius
2271 4458 2537 4508 Pichardae
2557 4458 2761 4509 cuidam
2787 4460 2951 4509 tacito
2971 4461 3259 4524 questioni,

914 4542 1036 4591 quia
1068 4542 1226 4580 enim.

1039 4603 1096 4667 (¹)
1125 4605 1187 4657 Ε.
1221 4606 1419 4658 scilicet
1450 4611 1569 4660 vota
1601 4606 1945 4659 continentia.
