3734 5567
971 479 1115 546 438
1754 486 2164 542 COMENTUM
2212 486 2549 540 PAnAmsi

968 635 1326 727 Flandria,
1379 631 1795 725 Brabantia,
1848 631 2189 726 Treviris,
2241 630 2489 705 Nervii
2548 636 2623 705 et
2674 630 2926 704 multae
2973 630 3139 704 aliae
3193 652 3321 706 na-

971 757 1203 829 tiones
1242 752 1740 827 transiverunt
1789 751 1864 823 in
1917 738 2188 825 nomen
2228 770 2797 846 germanorum3
2835 756 2909 824 et
2945 750 3188 823 oritur
3238 749 3311 823 in

967 874 1251 969 alpibus
1301 894 1394 947 ex
1449 871 1716 965 quibus
1765 870 2183 964 RhodanuS,
2227 876 2301 944 et
2341 870 2561 965 longo
2611 868 2844 964 spatio
2894 869 3315 943 discurrens

967 1015 1098 1090 per
1154 992 1333 1066 fines
1382 990 1908 1084 Helvetiorum,
1963 988 2507 1083 Sequanorum,
2559 988 3061 1083 Trevirorum,
3121 990 3313 1062 mul-

964 1114 1056 1186 tis
1107 1111 1463 1206 capitibus
1515 1108 1708 1183 cadit
1759 1109 1830 1182 in
1881 1109 2281 1183 Oceanum.
2339 1109 2425 1180 Et
2491 1108 2700 1183 dicit:
2753 1131 2791 1180 e
2854 1111 3006 1181 vide
3057 1113 3316 1199 Senna,

968 1232 1261 1324 scilicet,
1313 1230 1491 1303 illud
1544 1230 1742 1323 quod
1795 1229 1965 1304 fecit
2014 1230 2304 1325 signum
2343 1229 2633 1323 aquilae,
2670 1229 3012 1323 Sequana
3049 1229 3319 1303 fluvius

967 1351 1292 1425 famosus
1343 1349 1469 1442 qui
1522 1348 1689 1422 facit
1741 1338 2055 1422 insulam
2106 1369 2412 1443 parvam
2451 1347 2643 1422 intra
2688 1348 3031 1441 Parisius,
3068 1369 3118 1422 a
3171 1369 3315 1442 quo

963 1468 1410 1544 denominati
1463 1474 1633 1541 sunt
1683 1462 2026 1562 Sequani,
2078 1468 2170 1542 de
2220 1468 2488 1562 quibus
2528 1469 2687 1563 jam
2727 1469 2914 1543 facta
2951 1475 3065 1542 est
3111 1489 3315 1543 men-

968 1592 1089 1664 tio.
1144 1591 1230 1663 Et
1284 1596 1364 1663 ut
1415 1588 1559 1663 cito
1608 1610 1690 1662 se
1739 1588 2076 1683 expediat
2128 1588 2330 1662 dicit:
2385 1596 2452 1661 et
2497 1592 2667 1678 oqui
2716 1592 2896 1662 valle
2943 1592 3132 1662 onde
3181 1594 3314 1661 Ro-

966 1714 1158 1784 dano
1209 1705 1250 1784 e*
1290 1712 1523 1802 pieno,
1583 1708 1774 1783 sicut
1841 1708 2109 1783 fluvius
2171 1707 2414 1782 Senna
2481 1709 2608 1803 qui
2672 1708 2845 1782 olim
2911 1710 3316 1783 vocabatur

965 1829 1175 1924 Arar,
1213 1830 1341 1924 qui
1390 1829 1835 1926 pigerrimus
1886 1829 2079 1903 cadit
2128 1828 2201 1901 in
2253 1828 2688 1902 Rhodanum
2755 1829 3307 1923 rapacissimum

957 1950 1173 2045 juxta
1226 1950 1694 2045 Lugdunum.
1752 1949 1840 2021 Et
1889 1949 1986 2021 ita
2040 1947 2298 2044 Sorgia
2331 1947 2826 2042 pulcerrimus
2859 1949 3087 2023 intrat
3124 1950 3314 2023 Rho-

965 2069 1242 2143 danum
1267 2061 1270 2065 *
1295 2068 1490 2162 apud
1530 2068 1999 2160 Avinionem3
2037 2074 2110 2140 et
2152 2068 2466 2141 Ruentia
2503 2067 3013 2161 rapacissimus
3053 2067 3314 2142 fluvio-

968 2209 1138 2261 rum
1194 2189 1445 2261 Galliae
1496 2187 1619 2280 qui
1674 2208 1822 2260 non
1875 2188 2091 2281 longe
2155 2187 2250 2260 ab
2310 2186 2664 2260 Avinione
2728 2187 2919 2261 cadit
2977 2187 3049 2260 in
3126 2189 3314 2262 Rho·
3589 2161 3590 2230 Ψ

967 2306 1268 2380 danum.
1348 2306 1743 2380 Rhodanus
1811 2312 2064 2379 autem
2138 2307 2495 2380 transiens
2561 2306 2798 2400 primo
2866 2327 2997 2401 per
3069 2308 3308 2382 lacum

966 2425 1376 2498 Lemanum
1420 2426 1615 2520 apud
1653 2425 2077 2500 Gebennam
2138 2424 2495 2500 transiens
2546 2445 2679 2520 per
2730 2426 3000 2499 multas
3049 2433 3309 2518 terraS,

966 2565 1114 2618 non
1157 2554 1406 2620 tamen
1448 2548 1665 2643 longo
1702 2566 1953 2639 cursu,
1988 2546 2115 2619 sed
2149 2566 2418 2641 magno
2456 2545 2729 2639 impetu
2768 2545 2962 2619 cadit
2994 2545 3066 2618 in
3114 2566 3312 2620 mare

964 2686 1112 2739 non
1163 2667 1379 2762 longe
1419 2687 1462 2740 a
1507 2666 1839 2740 Marsilia.
1890 2667 1978 2738 Et
2016 2666 2119 2739 sic
2160 2665 2325 2739 vide
2368 2666 2566 2758 quod
2604 2665 2848 2739 Caesar
2890 2665 3309 2762 subiugavit

962 2806 1261 2860 omnem
1329 2786 1660 2880 Galliam,
1715 2807 1884 2879 quae
1948 2785 2313 2860 clauditur
2370 2786 2653 2880 alpibus
2719 2786 2963 2880 Italiae,
3023 2787 3305 2882 alpibus

961 2905 1343 3000 Hispaniae,
1396 2908 1675 3000 Rhen0,
1720 2906 2013 2980 Oceano
2065 2911 2140 2979 et
2193 2905 2378 2979 mari
2424 2905 2987 2980 mediterraneo.
3016 2946 3121 2959 —
3155 2907 3314 2994 Quel

959 3030 1080 3100 che
1106 3032 1198 3120 fe.
1230 3028 1359 3101 Hic
1394 3027 1842 3101 Justinianus
1896 3025 2127 3121 tangit
2177 3025 2452 3099 bellum
2490 3025 2702 3100 civile
2742 3024 3070 3118 CaesariS,
3121 3022 3308 3119 quod

959 3146 1383 3219 immediate
1408 3146 1745 3239 sequitur
1770 3146 1861 3219 ad
1889 3144 2268 3241 gallicum:
2305 3152 2381 3219 et
2408 3145 2644 3239 primo
2679 3146 2910 3241 tangit
2936 3143 3306 3238 quomodo

965 3264 1205 3360 primo
1245 3265 1629 3358 occupavit
1672 3265 1975 3339 Italiam.
2004 3263 2110 3337 Ad
2151 3263 2362 3339 cuius
2400 3265 2630 3339 literae
2666 3266 3162 3361 cognitionem
3206 3269 3308 3338 est

964 3385 1204 3479 primo
1257 3385 1629 3459 sciendum
1687 3384 1886 3477 quod
1950 3405 2159 3458 arma
2210 3385 2517 3459 Caesaris
2569 3386 2955 3478 hucusque
3021 3383 3309 3459 fuerant

967 3502 1357 3600 magnifica
1384 3511 1456 3579 et
1481 3504 1823 3599 gloriosa,
1860 3505 2129 3579 amodo
2165 3525 2346 3580 vero
2379 3505 2598 3600 impia
2638 3505 2877 3600 potius
2914 3511 2988 3580 et
3020 3504 3305 3595 iniusta,

961 3623 1132 3718 quia
1186 3631 1441 3699 contra
1494 3625 1804 3719 patriam
1859 3625 2059 3699 nulla
2110 3632 2415 3720 possunt
2457 3625 2739 3699 ratione
2781 3625 3144 3699 excusari.
3183 3624 3306 3698 Se-

961 3750 1176 3817 natus
1237 3744 1429 3819 enim
1503 3765 1855 3819 romanus
1924 3765 2096 3819 cum
2163 3745 2460 3820 consilio
2528 3751 2605 3820 et
2681 3744 2934 3819 favore
2987 3742 3304 3839 Pompeii

959 3865 1195 3961 Magni
1250 3872 1424 3940 tunc
1477 3865 1976 3960 potentissimi,
2028 3865 2320 3940 Catonis
2370 3864 2897 3959 sapientissimi,
2943 3863 3302 3939 Ciceronis

959 3986 1552 4082 eloquentissimi,
1605 3987 1825 4061 Marci
1879 3986 2086 4059 Bruti
2141 3985 2671 4079 virtuosissimi,
2723 3985 3191 4079 decernebat,
3229 3988 3304 4055 ut

959 4106 1201 4178 Caesar
1252 4105 1546 4180 dimisso
1599 4105 1927 4181 exercitu
1975 4104 2301 4199 privatus
2341 4104 2638 4197 rediret,
2673 4110 2748 4178 et
2780 4104 3142 4178 Domitius
3178 4124 3303 4177 au-

957 4223 1385 4298 dacissimus
1453 4225 1585 4299 sibi
1650 4245 2031 4300 successor
2097 4225 2535 4319 mitteretur,
2589 4224 2742 4299 sive
2794 4223 3082 4317 invidia,
3137 4221 3299 4317 quia

960 4361 1342 4433 nunquam
1400 4365 1665 4440 magna
1716 4343 1953 4439 gloria
1994 4343 2149 4417 sine
2199 4342 2465 4417 invidia
2509 4344 2677 4438 fuit3
2714 4344 2869 4419 sive
2909 4365 3000 4418 ex
3043 4343 3303 4416 timore

961 4460 1135 4555 quia
1187 4460 1528 4535 videbant
1579 4463 1775 4555 quod
1825 4463 2070 4537 Caesar
2109 4463 2358 4538 omnia
2409 4464 2678 4560 agebat
2727 4485 2874 4538 non
2924 4470 3296 4556 tamquam

960 4583 1110 4657 dux
1161 4582 1408 4677 populi
1463 4581 1776 4676 romani,
1815 4582 1944 4657 sed
1979 4590 2063 4657 ut
2110 4583 2451 4659 dominus
2501 4590 2576 4660 et
2627 4605 2758 4659 rex
2813 4605 2949 4678 pro
2999 4581 3294 4659 arbitrio
