3734 5567
1025 457 1166 523 488
1807 463 2216 519 comum
2268 464 2599 517 rAnAmsr

1022 610 1429 709 magnificae
1460 603 1535 702 (¹)
1586 610 1983 705 potestatis»,
2039 631 2263 704 quam
2331 611 2763 705 expectabat
2822 610 2898 682 in
2968 608 3216 681 mundo
3267 609 3314 680 si

1019 754 1166 808 non
1219 732 1468 805 suisset
1521 738 1763 806 morte
1810 736 2252 826 praeventus,
2291 731 2378 803 Et
2410 731 2647 827 primo
2685 729 3035 805 describit
3071 728 3320 824 provin-

1018 853 1232 947 ciam,
1288 871 1457 945 quae
1508 851 1882 947 spectabat
1932 852 2024 926 ad
2076 873 2278 945 eum,
2315 852 2487 947 quia
2537 850 2778 947 primo
2820 850 3062 924 suerat
3096 848 3202 922 avi
3232 849 3319 921 sui

1017 974 1255 1049 Caroli
1306 973 1335 1044 1
1397 993 1491 1047 ex
1543 973 1970 1047 baereditate
2020 972 2436 1069 Raymundi
2500 971 2952 1068 Berengerii,
3007 978 3088 1043 ut
3133 971 3320 1064 patuit

1021 1115 1244 1189 supra
1296 1093 1614 1188 capitulo
1652 1094 1741 1166 Vl
1775 1093 1850 1166 in
1886 1092 2051 1167 fine.
2088 1093 2270 1167 Dicit
2311 1113 2531 1189 ergo:
2577 1096 2823 1181 Quella
2855 1093 3140 1164 sinistra
3172 1093 3321 1178 riva,

1021 1216 1223 1308 idest,
1277 1214 1651 1309 provincia
1702 1214 1883 1288 citra
1942 1214 2404 1307 Rhodanum,
2438 1218 2558 1287 clze
2595 1218 2659 1286 si
2697 1217 2870 1287 lava
2921 1215 2999 1285 di
3045 1214 3322 1298 Rodum,

1022 1335 1243 1409 fluvio
1298 1334 1793 1429 rapacissimo,
1834 1338 1964 1427 poi
2010 1337 2112 1407 ch’
2138 1331 2180 1408 e*
2225 1338 2424 1408 misto
2458 1356 2592 1408 con
2630 1340 2899 1426 Sorqa,
2935 1333 3136 1425 idest,
3168 1337 3325 1426 post-

1022 1476 1249 1550 quam
1302 1454 1559 1551 Sorgia
1594 1455 1861 1529 fluvius
1895 1455 2333 1550 purissimus
2366 1455 2819 1529 admiscetur
2853 1453 2989 1548 ipsi
3023 1451 3326 1525 Rhodano

1018 1578 1214 1672 apud
1265 1577 1722 1670 Avinionem,
1764 1575 1978 1650 cuius
2012 1576 2172 1649 sons
2207 1582 2317 1648 est
2351 1575 2773 1649 notissimus
2815 1574 3077 1648 diebus
3111 1570 3329 1645 nostris

1019 1698 1411 1793 potissime,
1461 1697 1635 1791 quia
1689 1695 2127 1770 novissimus
2161 1701 2377 1790 poeta
2412 1696 2812 1770 Petrarcha
2851 1694 2954 1768 ibi
2987 1693 3108 1767 diu
3143 1711 3326 1765 suum

1018 1819 1339 1892 studium
1395 1817 1561 1892 fecit
1612 1824 1688 1891 et
1745 1837 2090 1913 magnam
2145 1822 2426 1911 partem
2483 1816 2845 1890 librorum
2891 1833 3229 1904 suorum3
3257 1808 3329 1882 de

1017 1961 1166 2034 quo
1218 1939 1371 2034 ipse
1419 1937 1623 2012 dicit:
1677 1940 1940 2028 Sor-qia
1988 1959 2128 2009 rea:
2171 1939 2469 2030 fontium
2521 1943 2685 2030 etc„
2717 1958 2862 2028 per
2912 1956 3042 2008 suo
3089 1936 3331 2022 siynore

1017 2083 1066 2133 α
1117 2068 1340 2151 tempo
1390 2063 1885 2151 m’aspetcava,
1954 2059 2010 2131 si
2076 2058 2643 2152 supervixissem
2709 2056 2903 2152 patri
2978 2056 3334 2128 meo—E

1021 2182 1194 2275 quel.
1247 2179 1377 2251 Hie
1430 2178 1733 2252 Carolus
1783 2177 2124 2251 describit
2175 2176 2582 2252 secundum
2620 2197 2944 2273 regnum
2994 2172 3330 2270 proprium

1022 2298 1268 2394 patriS,
1324 2298 1521 2391 quod
1599 2298 2028 2392 expectabat
2106 2297 2402 2372 habere.
2479 2298 2567 2370 Et
2640 2297 2731 2371 ad
2821 2293 3328 2391 intelligendam

1024 2420 1235 2492 istam
1300 2417 1588 2491 literam
1659 2423 1951 2512 oportet
2019 2418 2222 2512 prius
2297 2417 2487 2491 scire
2553 2417 2750 2512 quod
2828 2417 3057 2509 ltalia,
3118 2412 3331 2509 regina

1024 2559 1449 2635 regnorum,
1487 2545 1597 2612 est
1647 2539 1864 2635 longa
1917 2546 1991 2612 et
2041 2539 2288 2613 stricta
2339 2539 2411 2613 in
2468 2539 2770 2612 modum
2825 2540 3059 2633 naviS,
3096 2544 3164 2612 et
3211 2540 3333 2608 tola

1020 2660 1278 2754 insula,
1331 2667 1829 2754 praeterquam
1884 2680 1978 2733 ex
2032 2681 2180 2733 una
2232 2666 2462 2754 parte.
2524 2660 2708 2733 Nam
2769 2680 2815 2733 a
2886 2657 3184 2735 meridie
3229 2673 3332 2749 per

1018 2780 1322 2877 longum
1385 2780 1606 2854 habet
1665 2799 1875 2853 mare
1943 2780 2407 2875 tyrrhenum,
2468 2801 2513 2853 a
2574 2781 3105 2874 septemtrione
3161 2791 3333 2849 mare

1016 2900 1474 2994 adriaticum,
1513 2900 1606 2974 ab
1655 2900 1944 2974 oriente
1979 2901 2295 2993 pharum
2335 2921 2827 2995 messanense,
2865 2902 2963 2976 ab
2997 2899 3336 2975 occidente

1014 3029 1266 3097 autem
1320 3021 1688 3095 clauditur
1737 3020 1900 3095 altis
1942 3019 2337 3113 montibuS,
2374 3020 2498 3114 qui
2541 3021 2872 3095 dividunt
2915 3042 3082 3097 eam
3118 3041 3161 3093 a
3195 3014 3335 3090 Gal-

1016 3141 1112 3215 lia
1163 3149 1237 3215 et
1286 3141 1717 3215 Germania:
1771 3145 1844 3215 et
1898 3145 1981 3213 ut
2031 3140 2173 3214 cito
2222 3140 2485 3234 dicam,
2529 3147 2637 3215 est
2688 3141 2944 3215 similis
3000 3140 3184 3215 tibiae
3230 3138 3340 3209 ho-

1020 3259 1233 3332 minis
1284 3280 1452 3333 cum
1510 3267 1664 3335 tota
1698 3281 1884 3335 coxa
1920 3268 1996 3335 et
2029 3260 2232 3355 pede.
2272 3262 2455 3335 Nam
2493 3281 2677 3335 coxa
2712 3283 2977 3358 grossa
3011 3270 3120 3337 est
3151 3260 3339 3333 Lom-

1020 3379 1294 3473 bardia,
1351 3400 1618 3476 magna
1669 3388 1743 3455 et
1792 3389 2050 3476 potens
2102 3381 2515 3476 provincia3
2552 3383 2812 3458 deinde
2847 3384 3134 3476 Tuscia,
3169 3376 3336 3454 unde

1021 3499 1255 3573 Roma
1306 3506 1417 3574 est
1466 3500 1537 3573 in
1588 3521 1787 3597 genu
1841 3501 2047 3575 istius
2083 3502 2325 3596 ltaliae,
2364 3508 2435 3576 et
2477 3502 2574 3576 ita
2614 3504 2995 3597 paullatim
3041 3497 3338 3578 extendi-

1024 3626 1145 3692 tur
1195 3625 1275 3694 et·
1318 3626 1783 3696 extenuatur.
1840 3622 2050 3696 Modo
2100 3622 2193 3696 ad
2227 3623 2676 3717 propositum
2711 3648 2728 3694 :
2769 3644 3084 3721 regnum
3127 3614 3335 3696 Caroli

1020 3740 1340 3816 continet
1399 3742 1863 3818 medietatem
1897 3734 1971 3834 (²)
2031 3742 2251 3816 ltaliae
2316 3763 2575 3816 versus
2633 3745 3023 3839 orientem,
3091 3741 3335 3816 habens

1018 3861 1093 3936 in
1153 3883 1234 3937 se
1291 3864 1791 3959 Campaniam,
1843 3862 1970 3937 ubi
2031 3870 2141 3937 est
2199 3863 2532 3958 Neapolis
2596 3865 2804 3939 sedes
2875 3865 3108 3964 regni,
3166 3864 3336 3956 Apu·

1020 3985 1214 4079 liam,
1267 3984 1674 4078 Samnium,
1727 3983 2169 4077 Calabriam,
2232 3990 2307 4057 et
2366 3986 2635 4059 multas
2692 3987 2869 4061 alias
2930 3982 3332 4081 provincia-⁴1,

1016 4125 1200 4197 quas
1255 4126 1451 4179 nunc
1514 4104 1856 4179 describit
1923 4126 1967 4178 a
2036 4104 2476 4198 quibusdam
2534 4105 2747 4180 terris
2807 4114 2880 4181 et
2942 4102 3335 4181 fluminibus

1016 4224 1528 4299 confinalibus:
1583 4231 1657 4299 et
1708 4224 2126 4298 continetur
2179 4223 2370 4299 istud
2421 4246 2736 4321 regnum
2800 4226 2941 4301 sub
2993 4226 3197 4301 titulo
3240 4218 3334 4294 Si-

1018 4342 1220 4418 ciliae.
1274 4344 1483 4417 Nunc
1517 4345 1610 4418 ad
1645 4344 1973 4419 literam:
2014 4345 2185 4419 dicit
2224 4347 2567 4421 Carolus:
2604 4352 2671 4420 E
2700 4351 2857 4438 quel
2885 4370 3103 4423 corno
3141 4347 3333 4419 d'Au-

1143 4600 1198 4665 (¹)
1232 4601 1293 4651 E.
1327 4614 1357 4651 e
1389 4606 1437 4662 4,
1470 4614 1686 4665 magun.
2190 4604 2243 4667 Ρ)
2275 4605 2338 4656 E.
2368 4619 2399 4656 e
2434 4610 2480 4666 4,
2514 4605 2660 4671 quasi
2693 4607 3040 4658 medietatem.
