3734 5567
1324 497 1601 554 umus
1651 498 2007 565 QUARTUS·
2686 491 2829 558 385

491 644 1033 722 commendavit
1081 643 1514 739 Beatricem,
1568 664 1737 738 quae
1786 650 2036 739 postea
2087 643 2488 722 declaravit
2520 647 2655 722 sibi
2691 649 2832 724 alia

491 767 735 862 dubia,
772 765 960 839 sicut
1007 770 1206 859 patet
1258 764 1329 837 in
1381 764 1525 839 fine
1573 764 1889 859 capituli.
1944 765 2034 837 Et
2082 765 2361 838 subdit:
2398 789 2436 840 e
2467 771 2674 859 disse,
2716 768 2831 844 illa

490 887 807 979 Beatrix,
857 889 930 957 io
981 886 1225 974 veyqio
1275 884 1405 957 ben
1452 905 1645 957 come
1695 888 1746 957 ti
1795 887 1965 975 cira,
2000 885 2117 959 vel
2159 885 2566 960 secundum
2617 879 2836 962 aliam

493 1008 802 1100 literam,
853 1006 954 1077 ch’
979 1023 1029 1076 a
1079 1024 1186 1076 me
1235 1007 1289 1076 ti
1336 1006 1478 1076 lira
1527 1007 1572 1077 ἴ
1597 1025 1694 1079 tm
1741 1025 1781 1076 e
1830 1008 1876 1076 Γ
1903 1008 2091 1076 altro
2138 1006 2345 1096 disio,
2388 1005 2593 1101 idest,
2646 1007 2838 1082 desi-

492 1125 782 1200 derium
833 1122 1223 1216 utriusque
1270 1122 1471 1197 dubii
1505 1122 1947 1214 declarandi,
1986 1115 2047 1196 si
2079 1126 2199 1196 che
2232 1133 2350 1198 tua
2391 1147 2595 1218 cura,
2628 1125 2833 1218 idest,

494 1242 922 1334 sollicitudo,
976 1242 1129 1316 sive
1179 1242 1519 1338 cogitatio
1586 1262 1753 1336 quae
1812 1241 1963 1315 urit
2013 1263 2142 1317 cor
2197 1251 2437 1338 tuum,
2487 1242 2565 1318 se*
2618 1252 2836 1318 stes-sa

492 1368 675 1456 leya,
728 1362 921 1436 intra
974 1368 1320 1455 mentem,
1372 1355 1458 1452 si,
1493 1364 1611 1435 che
1636 1365 1810 1455 suor
1841 1381 1989 1434 non
2022 1365 2248 1455 spira,
2285 1384 2417 1457 per
2467 1383 2832 1460 organum

492 1486 679 1559 vivae
719 1483 938 1560 vocis,
968 1522 1065 1536 -—
1100 1489 1219 1556 Tu.
1257 1482 1385 1555 Hic
1420 1482 1713 1556 Beatrix
1748 1502 2097 1576 expresse
2133 1483 2363 1579 tangit
2401 1483 2551 1578 ipsa
2587 1483 2833 1577 dubia,

492 1612 566 1680 et
631 1603 872 1700 primo
931 1603 1278 1698 primum,
1341 1601 1608 1695 dicenS,
1672 1607 1770 1674 Tu
1820 1606 2240 1693 arqomenti,
2300 1601 2503 1696 idest,
2554 1605 2828 1700 arguis,

490 1746 565 1797 se
598 1727 651 1797 'l
697 1724 879 1796 buon
946 1724 1139 1794 voler
1205 1723 1416 1813 dura,
1475 1720 1678 1815 idest,
1747 1721 1804 1793 si
1865 1722 2206 1795 voluntas
2269 1729 2693 1815 perseverat
2759 1724 2831 1797 in

492 1843 687 1917 bono
737 1841 1129 1937 preposite,
1179 1843 1252 1912 la
1303 1843 1621 1912 violenza
1662 1843 1900 1932 altr-ui,
1944 1839 2244 1914 veniens
2293 1841 2387 1914 ab
2437 1849 2673 1937 extra,
2697 1864 2836 1936 per

493 1966 663 2053 qual
707 1966 1031 2052 ragione,
1083 1960 1291 2054 quasi
1343 1960 1556 2052 dicat,
1608 1979 1755 2033 non
1806 1960 2020 2033 video
2069 1979 2396 2056 causam,
2452 1966 2551 2035 mi
2604 1984 2837 2037 scema

493 2087 568 2157 la
602 2085 867 2156 mis-ura
899 2084 1015 2156 del
1043 2084 1422 2154 meritare?
1454 2079 1657 2172 idest,
1701 2099 1936 2173 quare
1975 2079 2313 2153 diminuit
2339 2074 2415 2172 (¹)
2455 2082 2628 2156 mihi
2678 2102 2838 2156 mo-

491 2206 669 2279 dum
722 2202 961 2277 meriti
1014 2208 1089 2277 et
1148 2201 1707 2275 minorationem
1774 2200 2080 2295 praemii,
2133 2200 2321 2275 sicut
2383 2201 2655 2276 dictum
2725 2208 2838 2277 est

489 2323 582 2398 de
604 2323 1015 2398 Constantia
1053 2328 1128 2397 et
1152 2321 1551 2396 Picharda?
1580 2321 1668 2394 Et
1701 2320 1932 2417 tangit
1954 2312 2026 2412 (²)
2059 2320 2468 2394 secundum
2496 2321 2831 2418 dubium,

491 2441 772 2515 dicens:
826 2462 1077 2533 ancor,
1126 2440 1333 2535 idest,
1383 2445 1765 2536 praeterea,
1817 2442 1895 2514 di
1940 2440 2219 2514 dubitur
2272 2444 2324 2514 a·
2372 2430 2469 2513 dd
2518 2444 2836 2534 capione,

494 2561 698 2654 idest,
723 2567 978 2634 causat
1003 2561 1127 2635 tibi
1155 2561 1559 2635 secundum
1595 2560 1931 2654 dubium,
1952 2582 2179 2653 parer
2211 2564 2525 2633 tornarsi
2558 2563 2838 2633 l'anime

492 2684 628 2754 alle
675 2682 883 2773 stelle,
922 2701 968 2754 a
1002 2679 1272 2775 quibus
1321 2687 1709 2772 venerunt,
1741 2682 2042 2752 secondo
2076 2682 2149 2752 la
2189 2687 2518 2753 sentenza
2550 2681 2627 2753 di
2660 2682 2835 2751 Pla-

493 2810 673 2895 tone,
714 2799 917 2894 idest,
955 2799 1154 2894 quod
1204 2804 1590 2873 attestatur
1630 2796 1948 2893 opinioni
1992 2797 2331 2891 Platonis,
2384 2803 2459 2871 et
2508 2802 2621 2871 est
2669 2817 2836 2870 sen-

490 2920 711 2995 tentia
758 2918 1062 2994 diffinita
1090 2908 1164 3010 (⁸)
1220 2918 1445 2992 animi
1480 2918 1819 2993 voluntas
1853 2917 2121 3012 scripto
2159 2918 2274 2991 vel
2309 2936 2489 2991 voce
2524 2917 2828 3011 prolata.

486 3042 575 3114 Et
621 3038 988 3115 concludit
1038 3038 1366 3113 Beatrix:
1419 3044 1647 3129 queste
1707 3059 1838 3111 son
1889 3041 1950 3112 le
1999 3039 2296 3129 quistion
2353 3038 2472 3109 che
2515 3042 2831 3128 pontano

486 3164 898 3252 iqualmente
946 3163 1063 3233 nel
1093 3167 1208 3233 tuo
1242 3161 1432 3251 velle,
1475 3156 1681 3251 idest,
1718 3178 1887 3252 quae
1922 3164 2269 3252 premunt
2312 3156 2585 3251 pariter
2628 3161 2832 3230 tuam

488 3280 963 3373 voluntatem,
1017 3302 1054 3353 e
1091 3272 1274 3373 pero
1307 3283 1478 3371 pria
1529 3274 1820 3352 ιναιιενὸ
1860 3281 2114 3371 quella,
2156 3277 2447 3371 scilicet,
2492 3276 2836 3370 quaestio-

492 3419 660 3473 nem
709 3398 1135 3492 secundam,
1169 3401 1288 3471 che
1312 3394 1436 3489 piei
1476 3400 1570 3469 Ιια
1619 3400 1695 3470 di
1736 3400 1923 3490 felle,
1961 3396 2130 3491 quia
2172 3403 2415 3490 posset
2466 3414 2835 3470 venenare

492 3521 824 3595 animum
879 3527 1117 3593 tuum.

637 3642 762 3714 De'
797 3641 1093 3731 Serafin.
1148 3638 1288 3711 Ista
1338 3643 1450 3712 est
1498 3636 1821 3711 secunda
1874 3656 2039 3730 pars
2089 3635 2477 3731 generalis,
2541 3634 2617 3707 in
2684 3653 2835 3726 qua

489 3760 780 3836 Beatrix
835 3757 1160 3832 breviter
1208 3763 1284 3830 et
1332 3757 1533 3831 clare
1572 3756 1786 3830 solvit
1819 3754 2226 3830 secundum
2277 3753 2584 3827 dubium
2637 3752 2833 3847 peri-

487 3880 847 3974 culosius3
902 3885 977 3954 et
1015 3877 1206 3970 dicit,
1243 3877 1441 3971 quod
1476 3897 1735 3952 omnes
1769 3876 1988 3970 beati,
2023 3874 2178 3949 sive
2210 3873 2476 3970 angeli,
2510 3871 2665 3945 sive
2699 3871 2835 3943 ho-

487 4002 719 4076 mines
763 4000 1038 4074 habent
1087 4017 1299 4071 suam
1354 3996 1603 4071 sedem
1656 3996 1730 4069 in
1780 3996 1968 4069 coelo
2010 4013 2396 4089 empyreo,
2430 3991 2557 4066 sed
2591 3988 2836 4063 diver-

492 4118 662 4193 sitas
694 4120 831 4194 loci
867 4119 1034 4194 facit
1070 4119 1364 4215 signum
1399 4116 1827 4192 differentiae
1859 4115 2135 4212 gloriae.
2173 4113 2356 4188 Dicit
2390 4132 2605 4209 ergo:
2642 4111 2836 4183 Colui

490 4240 596 4311 de'
629 4242 936 4330 serafin,
999 4239 1204 4331 idest,
1272 4239 1390 4312 ille
1452 4237 1760 4333 angelus
1810 4235 1903 4310 de
1971 4234 2225 4338 ordine
2272 4230 2833 4326 seraphinorum

496 4358 623 4452 qui
674 4359 934 4432 ardent
982 4378 1239 4433 amore
1288 4358 1442 4451 Dei,
1477 4360 1597 4431 che
1630 4352 1753 4449 pii)
1801 4359 1857 4427 ε’
1881 4347 2104 4445 india,
2146 4353 2351 4448 idest,
2393 4351 2627 4449 magis
2661 4370 2841 4424 con-

612 4622 669 4684 (¹)
704 4627 750 4682 t,
784 4622 989 4672 minuit.
1243 4619 1296 4682 (¹)
1329 4621 1389 4671 E.
1423 4621 1491 4671 Et
1523 4619 1696 4672 subdit
1725 4619 2028 4670 secundnm.
2280 4616 2337 4680 (⁸)
2369 4616 2430 4667 E.
2463 4614 2737 4666 definitiva.

760 4727 836 4772 IV.
2512 4721 2567 4765 25
