3734 5567
1344 495 1619 550 CANTUs
1670 495 1953 550 rumne.
2678 484 2819 552 315

473 665 620 719 non
670 650 782 719 est
831 642 1111 717 licitum
1165 642 1239 714 in
1289 641 1426 714 isto
1478 646 1730 714 nostro
1786 638 2061 713 mundo
2113 639 2422 734 miser03
2458 646 2530 714 et
2584 641 2822 716 reddit

473 784 816 839 causam:
871 758 1104 837 merce*
1145 763 1260 835 dcl
1306 764 1484 850 loce,
1537 759 1743 853 idest,
1784 759 2059 835 virtute
2109 765 2186 835 et
2227 759 2554 835 bonitate
2604 782 2823 855 para-

472 883 605 957 disi
669 882 1125 977 deliciarum,
1172 884 1352 975 fauo
1400 901 1538 974 per
1585 882 1892 973 proprio
1943 880 2099 952 dcll’
2124 899 2390 952 amana
2456 901 2678 972 spece,
2748 888 2824 956 et

475 1024 621 1077 non
672 1024 807 1097 pro
856 1003 998 1078 alia
1058 1001 1300 1097 specie
1362 1001 1480 1075 vel
1547 999 1910 1094 corporali
1978 1004 2347 1093 creatura,
2401 1000 2576 1092 quia
2627 1000 2822 1074 Deus

476 1124 674 1197 hunc
724 1123 968 1198 locum
1021 1122 1503 1217 deputaverat
1552 1119 1806 1214 primis
1871 1118 2318 1213 parentibuS,
2373 1119 2561 1193 sicut
2608 1120 2823 1215 plene

474 1240 750 1315 dictum
804 1248 913 1316 est
947 1242 1021 1315 in
1056 1240 1201 1315 fine
1233 1238 1686 1335 Purgatorii:
1724 1257 1860 1312 nec
1894 1236 2091 1311 dicas
2142 1236 2330 1311 sicut
2370 1238 2583 1312 multi
2626 1259 2824 1313 mer-

475 1359 655 1435 cede
704 1361 866 1454 loci,
916 1360 1100 1435 idest
1142 1359 1332 1452 coeli,
1393 1357 1567 1452 quia
1620 1356 1946 1431 nondum
1999 1364 2219 1430 autor
2270 1363 2431 1432 erat
2480 1358 2554 1431 in
2606 1359 2818 1452 coelo,

475 1480 603 1554 sed
652 1481 895 1554 statim
951 1481 1241 1575 incipiet
1290 1477 1710 1571 ascendere,
1754 1482 1836 1550 ut
1875 1476 2171 1572 patebit.
2201 1517 2299 1531 -
2323 1483 2425 1551 Io.
2463 1479 2593 1554 Hic
2628 1479 2822 1552 Dan-

475 1606 587 1673 tes
635 1599 975 1674 describit
1024 1599 1370 1674 effectum
1423 1617 1578 1671 suae
1629 1595 1834 1671 fortis
1875 1595 2369 1692 vigorationiS,
2407 1598 2584 1692 quia
2636 1599 2823 1674 scili-

480 1726 595 1794 cet
647 1721 888 1793 statim
940 1720 1116 1795 vidit
1165 1720 1396 1793 solem
1432 1716 1992 1812 splendidiorem
2048 1724 2123 1791 et
2171 1716 2668 1793 ardentiorem
2704 1739 2827 1794 so-

477 1839 605 1913 lito
654 1859 786 1934 per
836 1839 1461 1934 comparationem
1513 1838 1791 1911 claram
1845 1843 1920 1911 et
1970 1838 2371 1932 propriam,
2406 1838 2685 1913 dicens:
2742 1844 2824 1912 Io

477 1962 604 2032 nol
647 1963 948 2051 soffersi,
1000 1959 1292 2053 scilicet,
1346 1958 1553 2032 illum
1607 1958 1861 2052 solem,
1916 1961 2126 2032 molto
2158 1956 2251 2032 ne*
2283 1951 2344 2032 εὶ
2364 1980 2577 2052 poce,
2613 1961 2821 2053 quasi

477 2079 690 2173 dicat,
740 2080 1007 2175 subito,
1041 2080 1117 2154 in
1150 2078 1468 2173 instanti,
1502 2080 1605 2152 ch’
1631 2082 1700 2151 io
1738 2081 1865 2151 nol
1913 2082 2174 2152 vedessi
2212 2082 2565 2173 ssavillar,
2616 2079 2821 2175 idest,

475 2201 865 2276 scintillare
915 2206 991 2275 et
1042 2199 1332 2274 radiare
1384 2200 1629 2293 talem,
1683 2202 1853 2289 qual
1892 2203 2097 2293 ferro
2157 2201 2277 2273 che
2340 2201 2627 2274 bollente
2676 2223 2825 2275 esce

473 2321 601 2393 dal
638 2324 847 2414 ficoco
867 2345 898 2413 ,·
940 2319 1221 2393 serrum
1260 2318 1457 2392 enim
1495 2318 1692 2413 quod
1734 2318 1937 2412 prius
1980 2327 2139 2394 erat
2180 2320 2528 2416 frigidum
2573 2327 2645 2394 et
2690 2321 2823 2394 ob-

473 2460 778 2515 scurum
832 2440 906 2514 in
958 2440 1127 2535 igne
1177 2438 1493 2513 efficitur
1533 2438 1851 2512 calidum
1891 2445 1966 2513 et
2004 2438 2482 2534 splendidum.
2522 2440 2608 2514 Et
2643 2441 2821 2515 sub-

472 2559 576 2632 dit
610 2578 995 2633 excessum
1032 2559 1415 2633 luminosae
1451 2558 1817 2653 claritatis,
1852 2558 2130 2633 dicens:
2167 2580 2204 2632 e
2238 2563 2314 2633 di
2342 2561 2562 2633 subito
2589 2582 2822 2653 parve

472 2681 728 2770 yiorno
779 2699 966 2751 esser
1015 2681 1348 2770 aqqiunco
1413 2699 1461 2751 a
1522 2681 1806 2773 qiorno,
1875 2679 2086 2774 quasi
2145 2679 2375 2755 dicat:
2448 2686 2522 2754 et
2578 2680 2822 2755 subito

473 2798 627 2873 visa
677 2805 787 2873 est
836 2798 1189 2894 duplicari
1240 2796 1415 2894 dieS,
1471 2800 1672 2873 velut
1729 2799 1788 2873 si
1851 2799 2003 2874 duo
2065 2801 2255 2876 soles
2305 2807 2548 2875 essent
2597 2802 2817 2874 simul

471 2917 546 2991 in
597 2918 804 2992 coelo.
861 2917 1064 2992 Unde
1124 2917 1330 2992 dicit:
1396 2940 1588 2992 come
1643 2923 1814 3010 Quei
1868 2922 1989 2993 che
2031 2926 2260 3014 puote,
2328 2920 2536 3013 idest,
2596 2921 2818 3014 DeuS,

473 3037 600 3130 qui
650 3044 894 3132 posset
943 3043 1019 3111 et
1069 3038 1289 3112 sciret
1338 3038 1582 3113 facere
1632 3039 1859 3113 alium
1913 3040 2144 3114 solem
2195 3039 2256 3115 si
2306 3040 2547 3134 vellet,
2587 3060 2823 3114 avesse

475 3158 754 3230 adorno
802 3161 858 3231 il
903 3160 1031 3230 ciel
1076 3161 1143 3231 d’
1169 3178 1266 3231 un
1317 3162 1501 3232 altro
1550 3163 1721 3253 sole,
1769 3159 1895 3253 qui
1948 3166 2139 3235 esset
2190 3181 2548 3257 magnum
2601 3181 2821 3237 orna-

478 3282 816 3350 mentum
861 3271 937 3370 (¹)
1006 3277 1195 3372 coeli,
1262 3279 1457 3372 quod
1519 3284 1696 3354 tunc
1760 3280 2065 3355 haberet
2123 3278 2310 3356 duos
2361 3283 2637 3376 oculoS,
2691 3283 2817 3356 ubi

474 3415 671 3469 nunc
720 3396 940 3470 habet
992 3418 1249 3492 unum,
1288 3399 1413 3492 qui
1452 3398 1814 3471 illuminat
1866 3399 2337 3494 universum3
2375 3399 2540 3474 ideo
2590 3401 2815 3475 alium

473 3534 623 3589 non
673 3516 838 3590 fecit
889 3517 1062 3611 quia
1112 3517 1521 3592 sufficiebat
1559 3539 1772 3611 unuS,
1826 3539 1998 3592 nam
2045 3525 2246 3595 terra
2286 3527 2531 3614 posset
2570 3520 2818 3595 dicere

471 3634 628 3709 solo
679 3655 903 3710 necor
953 3636 1124 3710 sole.
1178 3637 1266 3709 Et
1317 3636 1434 3711 hic
1468 3642 1664 3731 nota,
1701 3637 1900 3730 quod
1938 3638 2055 3712 hic
2089 3638 2378 3714 divinus
2412 3645 2627 3734 poeta
2667 3645 2817 3714 tam

469 3753 712 3851 longa,
766 3762 917 3829 tam
969 3755 1331 3830 laboriosa
1382 3757 1973 3852 peregrinatione
2011 3777 2147 3852 per
2185 3758 2622 3853 profundam
2662 3761 2818 3834 val-

468 3872 640 3968 lem,
694 3896 828 3970 per
876 3875 1197 3950 arduum
1252 3883 1579 3950 montem
1640 3884 2083 3972 pervenerat
2133 3876 2225 3951 ad
2276 3877 2522 3951 locum
2575 3879 2816 3972 perfe—

474 4000 609 4066 ctae
642 3995 956 4089 virtutiS,
993 3995 1122 4070 ubi
1163 4002 1522 4091 purgatus
1573 3995 1764 4091 igne,
1809 3996 2002 4070 lotus
2050 4017 2269 4089 aqua,
2318 3994 2620 4070 indutus
2652 4017 2817 4070 am-

474 4112 808 4204 plissimis
856 4116 990 4189 alis
1044 4115 1400 4192 virtutum
1438 4122 1515 4190 et
1546 4116 2021 4190 scientiarum
2060 4115 2354 4191 volabat
2388 4116 2462 4190 in
2503 4117 2814 4211 coelum3

474 4228 639 4304 ideo
689 4231 878 4306 bene
926 4233 1096 4308 dicit
1141 4234 1337 4328 quod
1379 4233 1671 4310 videbat
1711 4236 1942 4310 solem
1979 4234 2336 4310 maiorem
2374 4241 2447 4310 et
2495 4236 2816 4331 pulcrio-

476 4370 638 4424 rem
693 4350 921 4424 solito.
972 4353 1159 4427 Nota
1210 4355 1430 4429 etiam
1487 4355 1683 4450 quod
1732 4355 1993 4450 aliqui.
2027 4354 2374 4429 dixerunt
2441 4356 2556 4431 hic
2619 4357 2814 4451 quod

599 4618 655 4682 (¹)
688 4623 735 4678 4,
769 4617 1204 4683 ordinamentum.
