3734 5567
1362 522 1637 580 cAN‘rus
1685 524 2026 582 oc‘rAvus.
2732 515 2871 582 503

526 669 673 744 ficit
722 670 796 743 in
849 674 1057 765 parte
1107 667 1391 765 frigida,
1455 674 1528 742 et
1580 669 1696 743 leo
1747 689 1895 743 non
1948 670 2126 745 vivit
2176 670 2250 744 in
2280 663 2353 762 (⁴)
2409 669 2877 765 septemtrio-

525 790 670 864 nali
722 790 1035 865 climate.
1065 829 1164 843 —
1189 794 1254 861 E
1280 809 1356 861 se
1385 792 1456 861 il.
1510 788 1641 863 Hic
1693 789 1952 864 ultimo
2004 808 2096 864 ex
2150 790 2356 864 dictis
2399 791 2706 866 Carolus
2749 790 2877 866 dat

527 932 761 984 unum
815 910 991 984 utile
1040 908 1424 984 consilium
1453 899 1526 1000 (²)
1585 908 1998 983 viventibus
2056 909 2133 982 in
2198 909 2475 984 mundo
2534 910 2675 984 sub
2711 910 2878 997 for-

528 1037 731 1125 tuna,
783 1029 1115 1105 videlicet
1166 1036 1248 1102 ut
1298 1028 1745 1103 concordent
1805 1028 2178 1104 fortunam
2241 1050 2453 1104 suam
2508 1035 2873 1124 quantum

527 1152 862 1248 possibile
913 1156 1060 1245 est3
1115 1149 1312 1224 unde
1360 1148 1576 1223 dicit:
1630 1154 1697 1222 E
1739 1172 1814 1223 se
1861 1153 1918 1224 il
1963 1153 2250 1243 monde,
2301 1152 2505 1246 idest,
2543 1151 2873 1226 viventes

527 1272 602 1346 in
655 1271 930 1344 mundo
982 1268 1329 1362 inferiori,
1376 1289 1669 1361 pone-sse
1715 1277 1935 1343 mente
1978 1267 2218 1364 layffl'ic
2268 1274 2346 1344 al
2383 1273 2867 1365 fondamfmm,

527 1392 733 1485 idest,
767 1390 1139 1484 habilitati,
1173 1391 1294 1462 che
1323 1396 1590 1462 natura
1617 1411 1828 1482 pone,
1864 1391 2164 1465 cuilibet
2194 1391 2493 1485 homini,
2519 1392 2872 1481 sequendo

526 1516 648 1604 lui,
683 1516 892 1586 avria
943 1512 1174 1584 buona
1223 1514 1296 1584 la
1344 1518 1561 1602 yeme.
1618 1511 1702 1583 Et
1753 1510 1996 1584 subdit
2047 1511 2244 1605 quod
2294 1510 2628 1586 homines
2677 1529 2872 1603 saepe

526 1632 802 1707 faciunt
851 1632 1288 1727 oppositum,
1339 1630 1632 1706 dicens:
1686 1652 1806 1703 ma
1856 1634 1973 1703 voi
2022 1637 2296 1716 torcete,
2347 1635 2603 1705 contra
2655 1635 2873 1705 natu-

529 1754 759 1827 ralem
812 1737 1374 1846 inclinationem,
1428 1755 1576 1825 alla
1634 1754 1995 1843 religione,
2046 1752 2251 1848 idest,
2302 1751 2530 1829 facitis
2582 1749 2875 1847 religio-

527 1893 693 1946 sum
746 1878 822 1946 et
869 1872 1350 1966 sacerdotem,
1403 1874 1506 1944 tal
1551 1873 1670 1943 che
1714 1874 1818 1964 fia
1876 1879 2068 1962 nato,
2129 1871 2334 1967 idest,
2405 1878 2596 1947 esset
2661 1858 2874 1966 aptus

526 1997 764 2086 natue,
816 2011 865 2063 a
913 1995 1214 2083 oinyersi
1262 1995 1336 2065 la
1382 1994 1640 2084 spada,
1694 1991 1899 2085 idest,
1952 1991 2244 2066 militari
2295 1992 2653 2085 scientiae3
2706 1997 2781 2065 et
2830 2009 2875 2064 e

525 2132 904 2205 converso,
969 2135 1008 2184 e
1068 2117 1215 2205 sate
1263 2133 1346 2185 re
1394 2116 1469 2187 di
1519 2116 1623 2186 tal
1668 2114 1771 2185 ch’
1795 2109 1838 2186 e*
1898 2115 1996 2185 da
2055 2133 2401 2204 sermone,
2469 2112 2673 2206 idest,
2744 2110 2869 2204 qui

525 2236 715 2306 esset
763 2231 1002 2305 bonus
1052 2232 1458 2329 religiosuS,
1513 2232 1641 2326 qui
1691 2233 1824 2307 scit
1874 2233 2064 2308 bene
2097 2232 2597 2308 sermocinari.
2643 2231 2730 2304 Et
2766 2231 2876 2305 vi-

524 2350 743 2426 detur
793 2352 932 2426 hoc
993 2351 1238 2428 dicere
1305 2374 1440 2448 pro
1512 2373 1690 2449 rege
1752 2353 2075 2428 Roberto
2146 2353 2274 2447 qui
2323 2352 2511 2426 bene
2562 2350 2875 2426 faciebat

526 2490 945 2544 sermonem
998 2478 1073 2545 et
1122 2473 1442 2545 multum
1495 2472 2018 2548 delectabatur.
2073 2474 2162 2545 Et
2210 2477 2412 2546 certe
2451 2490 2873 2545 sermonem

528 2609 674 2663 non
725 2589 916 2663 bene
966 2589 1135 2665 facit
1184 2592 1319 2664 nisi
1372 2592 1500 2684 qui
1561 2599 1672 2666 est
1729 2592 2081 2686 sapientia
2146 2591 2495 2665 imbutus.
2558 2592 2647 2663 Et
2697 2610 2875 2666 vere

526 2709 873 2803 quicquid
922 2708 1230 2805 dicatur,
1284 2711 1401 2785 hic
1453 2731 1585 2786 rex
1623 2710 1759 2785 fuit
1799 2711 2279 2805 civilissimuS,
2315 2710 2871 2804 moralissimus,

526 2829 880 2904 librorum
951 2839 1264 2926 amator,
1335 2831 1794 2906 literatorum
1864 2830 2171 2924 amicuS,
2242 2830 2367 2924 qui
2432 2829 2632 2902 novit
2694 2828 2872 2904 dare

523 2950 799 3047 digni33
850 2950 978 3025 sed
1027 2958 1242 3046 poeta
1292 2957 1511 3026 caute
1572 2951 1776 3049 fingit
1835 2950 2183 3026 Carolum
2235 2949 2480 3024 dicere
2531 2948 2686 3043 ista,
2740 2948 2871 3041 qui

525 3071 873 3145 voluisset
947 3070 1186 3166 potius
1260 3072 1667 3146 Robertum
1747 3072 1906 3146 fieri
1983 3071 2287 3145 fratrem
2362 3069 2725 3143 Minorum
2765 3057 2869 3162 (³),

527 3211 751 3285 quam
793 3212 1070 3288 regem,
1105 3198 1189 3265 ut
1240 3213 1553 3289 regnum
1590 3192 2041 3287 pervenisset
2075 3190 2167 3266 ad
2202 3187 2572 3264 haeredem
2618 3208 2867 3262 suum.

527 3310 614 3382 Et
663 3311 1027 3385 concludit
1076 3312 1432 3387 finaliter:
1485 3315 1666 3387 ende
1724 3316 1798 3386 la
1865 3314 2130 3386 ιναοοία
2179 3316 2421 3384 vostra
2483 3306 2525 3383 e*
2578 3313 2748 3402 [πον
2796 3311 2873 3382 di

526 3433 804 3522 strada,
839 3431 1044 3526 idest,
1082 3433 1384 3529 vestigia
1429 3440 1672 3510 vestra
1717 3441 1891 3507 sunt
1928 3439 2140 3508 extra
2176 3431 2368 3505 viam
2407 3436 2693 3504 naturae
2729 3436 2869 3504 etc.

645 3691 700 3753 (¹)
732 3691 793 3742 Ε.
826 3693 880 3743 in
911 3694 1133 3757 septimo
1166 3694 1389 3746 climate.
1578 3691 1634 3757 (¹1
1667 3699 1714 3756 ὁ,
1747 3694 2065 3757 exemplum.
2254 3691 2307 3752 (⁸)
2339 3690 2399 3739 E.
2433 3690 2714 3742 Minorem.

1320 4165 1510 4218 FINIS
1558 4164 1734 4218 'rom
1785 4164 2080 4230 QUARTl.
