3734 5567
1141 497 1419 553 CAN'rus
1467 500 1903 555 'rmoEsmus
1951 501 2340 556 SECUNDUS.
2765 494 2901 560 261

569 643 724 717 sine
774 642 1092 716 domino.
1129 644 1485 740 Cognovit
1535 651 1609 719 et
1661 665 1974 719 uxorem
2021 645 2291 719 domini
2328 648 2441 720 sui
2476 650 2911 723 mercatoris

569 762 918 856 ditissimi,
972 783 1198 857 quam
1251 770 1411 858 post
1462 771 1778 838 mortem
1833 764 2021 837 illius
2078 765 2288 839 duxit
2338 787 2690 862 uxorem,
2743 777 2908 844 tan-

569 883 735 957 dem
791 883 863 955 in
899 890 1118 957 aetate
1151 884 1630 979 quadraginta
1664 904 2031 958 annorum
2070 867 2434 960 extinctus
2470 896 2580 962 est
2621 909 2909 964 veneno

571 1002 829 1076 fraude
878 1023 1210 1076 suorum.
1262 1003 1369 1076 Ad
1420 1004 1706 1078 literam
1766 1024 1973 1100 ergo,
2025 1010 2238 1098 poeta
2289 1005 2628 1081 describit
2681 1009 2904 1083 istum

571 1123 712 1196 suh
760 1123 996 1219 figura
1046 1122 1405 1217 draconis,
1457 1124 1738 1199 dicens:
1776 1128 1910 1198 Poi
1940 1144 2168 1216 parve
2207 1146 2255 1196 a
2302 1146 2410 1200 me
2442 1130 2561 1199 che
2601 1131 2673 1201 la
2712 1135 2910 1201 terra
3050 1221 3055 1226 .

569 1245 627 1314 s'
652 1246 948 1334 apri-sse,
992 1249 1076 1316 ut
1126 1250 1418 1337 pareret
1465 1244 1686 1318 istum
1728 1244 2124 1320 draconem
2178 1245 2641 1341 diabolicum,
2680 1268 2904 1341 quem

570 1383 747 1438 vere
782 1365 935 1438 visa
967 1369 1081 1437 est
1113 1364 1450 1438 emittere
1499 1365 1592 1437 ab
1644 1364 1973 1456 infern03
2012 1364 2145 1438 fuit
2186 1365 2382 1439 enim
2436 1367 2658 1440 homo
2714 1373 2910 1441 totus

572 1482 883 1556 carnalis
921 1487 993 1556 et
1034 1487 1396 1575 terrenuS,
1423 1483 1730 1555 tr’ambo
1760 1485 1820 1555 le
1842 1490 2064 1575 ruote,
2115 1483 2298 1557 idest
2336 1484 2525 1559 inter
2564 1485 2748 1559 duas
2791 1506 2912 1560 ro-

575 1608 704 1695 taS,
741 1601 1011 1675 scilicet
1058 1608 1272 1675 vetus
1321 1607 1396 1676 et
1445 1622 1722 1676 novum
1766 1607 2333 1696 testamentum3
2375 1611 2449 1678 et
2491 1604 2681 1679 bene
2714 1605 2907 1699 dicit,

572 1744 744 1796 nam
794 1723 1323 1797 Machomettus
1372 1742 1466 1796 ex
1522 1728 1838 1815 utroque
1891 1728 2326 1797 testamento
2378 1725 2750 1798 constituit
2802 1725 2910 1799 le-

571 1861 741 1938 gem
793 1843 1208 1936 saracenis3
1250 1842 1621 1917 asserebat
1673 1843 1867 1916 enim
1922 1862 2004 1916 se
2050 1843 2354 1916 missum
2395 1843 2488 1917 ad
2530 1844 2912 1919 declaran-

573 1961 742 2036 dam
794 1961 1030 2057 legem
1087 1962 1307 2058 Moysi
1349 1961 1637 2055 jndaeis,
1672 1966 1745 2035 et
1780 1963 2016 2058 legem
2060 1961 2320 2036 Christi
2358 1963 2798 2058 christianis3
2835 1970 2910 2037 et

575 2090 656 2157 ut
690 2083 881 2157 male
914 2082 1396 2178 intelligentes
1436 2082 1842 2179 corrigeret
1877 2089 1949 2157 et
1983 2083 2307 2178 doceret,
2342 2090 2417 2158 et
2454 2090 2754 2158 necaret
2795 2083 2909 2157 in-

569 2204 942 2297 credulos3
994 2204 1189 2278 unde
1237 2203 1445 2277 dicit:
1488 2225 1527 2276 e
1573 2205 1719 2276 vidi
1763 2206 2040 2276 uscirne
2070 2223 2167 2276 un
2200 2205 2484 2295 dra90;
2523 2203 2746 2276 draco
2795 2202 2911 2276 di-

570 2324 760 2401 citur
811 2344 1109 2418 serpens
1161 2322 1432 2417 templi,
1483 2328 1555 2396 et
1619 2321 1754 2396 iste
1820 2322 2116 2396 intravit
2168 2323 2524 2416 templum
2576 2321 2905 2395 Domini:

573 2443 707 2516 suit
756 2442 873 2516 hic
932 2443 1155 2517 draco
1223 2437 1602 2516 i'mmensae
1663 2441 2202 2538 magnitudinis,
2271 2440 2504 2515 maior
2569 2446 2909 2535 serpente

539 2562 697 2660 ’qui
752 2581 1142 2634 romanum
1195 2562 1487 2636 vexavit
1536 2561 1947 2637 exercitum
1999 2561 2137 2633 sub
2182 2562 2424 2635 Marco
2482 2561 2767 2657 Regulo
2829 2560 2902 2634 in

568 2681 827 2755 Africa.
883 2680 1047 2753 Fuit
1099 2680 1213 2754 hic
1262 2681 1483 2755 draco
1535 2682 1773 2755 alatus
1824 2679 1950 2773 qui
2002 2680 2274 2753 volavit
2335 2680 2430 2755 ab
2497 2680 2782 2755 oriente
2832 2680 2906 2754 in

569 2800 1057 2892 occidentem3
1112 2800 1306 2874 unde
1345 2799 1551 2874 dicit:
1592 2802 1711 2873 che
1751 2821 1886 2891 per
1920 2802 1990 2871 lo
2022 2818 2240 2871 carro
2273 2820 2355 2871 su
2397 2801 2469 2871 la
2503 2802 2684 2872 coda
2712 2801 2904 2892 fisse,

568 2920 880 2996 caudam
942 2925 1400 3013 venenatam,
1454 2940 1604 3014 qua
1655 2919 1898 2994 infecit
1959 2939 2302 3015 magnam
2372 2923 2655 3012 partem
2724 2919 2910 2993 fide-

570 3039 771 3113 lium.
804 3039 889 3113 Et
915 3038 1087 3132 quia
1122 3039 1383 3113 fixerat
1417 3039 1728 3113 caudam
1757 3060 2056 3112 sursum
2080 3044 2338 3111 contra
2364 3038 2628 3132 Deum,
2664 3037 2910 3112 subdit

571 3160 940 3255 quomodo
987 3158 1291 3233 retraxit
1339 3180 1503 3233 eam
1556 3159 1648 3233 ad
1683 3178 1764 3233 se
1812 3179 1988 3233 cum
2042 3157 2287 3253 praeda
2338 3178 2470 3252 per
2519 3177 2909 3253 compara-

571 3278 842 3354 tionem
894 3297 1158 3372 vespae,
1209 3278 1494 3353 dicens:
1547 3300 1586 3351 e
1635 3285 1862 3353 &asse
1909 3281 2038 3352 dal
2076 3280 2325 3373 fonde,
2367 3277 2557 3352 illius
2607 3298 2903 3372 currus,

569 3401 642 3471 la
690 3401 872 3471 coda
920 3400 1258 3489 mationa,
1310 3397 1514 3491 idest,
1562 3399 1755 3473 male
1797 3398 2125 3495 ignitam,
2160 3398 2281 3472 ille
2319 3397 2566 3491 draco,
2608 3398 2904 3470 truendo

571 3538 620 3589 a
665 3538 765 3607 se,
816 3517 1020 3610 idest,
1073 3517 1569 3611 retorquendo
1620 3518 1710 3591 ad
1765 3538 1866 3610 se,
1919 3538 2111 3590 come
2160 3537 2371 3610 vespa
2420 3520 2539 3589 che
2585 3520 2907 3608 vitroque

570 3638 616 3708 l'
641 3656 809 3726 090,
861 3634 1064 3728 idest,
1115 3636 1459 3709 aculeum
1512 3657 1758 3709 suum.
1811 3636 1900 3709 Et
1950 3641 2062 3709 aet
2111 3635 2559 3729 comparatio
2612 3634 2906 3730 propria

566 3756 659 3830 de
709 3775 930 3851 vespa
980 3776 1148 3849 quae
1198 3761 1309 3829 est
1357 3755 1650 3830 inimica
1689 3756 1831 3849 api,
1866 3761 1943 3830 et
1982 3760 2219 3829 vastat
2251 3754 2541 3828 dulcem
2580 3754 2904 3827 fructum

566 3876 748 3969 eius,
800 3875 989 3949 sicut
1037 3876 1566 3949 Machomettus
1616 3874 1899 3951 Christi.
1953 3874 2040 3947 Et
2088 3873 2296 3947 dicit:
2349 3894 2388 3945 e
2432 3875 2663 3965 yissen
2722 3892 2908 3962 vogn

567 4016 779 4087 voye,
793 3995 998 4088 idest,
1022 3995 1318 4069 recessit
1352 3995 1472 4069 ille
1496 3994 1741 4069 draco.
1773 3994 1860 4067 Et
1887 3992 2003 4068 hic
2036 3998 2208 4066 nota
2237 3991 2433 4085 quod
2458 3991 2908 4064 Machomst-

565 4120 686 4189 tus
733 4122 1203 4212 vagatus-est
1252 4123 1503 4209 postea
1563 4136 1695 4210 per
1753 4114 2009 4188 orbem
2065 4118 2466 4204 terrarum,
2517 4110 2690 4204 quia
2751 4109 2905 4184 suis

567 4235 776 4308 malis
836 4235 1117 4309 artibus
1186 4234 1480 4329 arabeS,
1544 4254 1786 4330 syros,
1852 4233 2127 4325 medos,
2190 4252 2463 4326 persas,
2531 4229 2906 4327 aegyptios,

553 4352 911 4446 -aethiopes
961 4359 1036 4427 et
1087 4374 1326 4447 usque
1368 4353 1460 4427 ad
1508 4352 1925 4448 Hispaniam
1962 4371 2100 4425 suo
2150 4371 2410 4426 errore
2459 4350 2770 4424 seduxit.
2820 4350 2908 4424 Et

563 4469 887 4545 breviter
936 4470 1008 4543 in
1060 4471 1364 4546 ecclesia
1412 4470 1542 4546 Dei
1595 4477 1841 4545 tantus
1876 4490 2091 4544 error
2130 4471 2364 4546 sactus
2397 4477 2531 4562 est,
2573 4468 2770 4563 quod
2807 4469 2904 4542 ab

562 4589 857 4664 infantia
910 4590 1235 4665 ecclesiae
1285 4612 1524 4684 usque
1572 4589 1666 4665 ad
1715 4589 1878 4664 eius
1924 4590 2237 4681 senium,
2288 4589 2494 4682 idest,
2533 4607 2773 4680 usque
2810 4586 2904 4660 ad
