3734 5567
1444 471 1721 527 cam-us
1768 472 2057 527 ramus.
2790 456 2928 525 309

576 641 710 716 per
759 639 894 694 ora
947 618 1343 714 virginum,
1395 624 1480 690 ut
1520 617 1679 712 jam
1721 617 1998 691 dictum
2053 624 2164 690 est
2199 636 2448 710 supra,
2485 636 2618 689 con
2657 618 2939 706 miqlior

576 745 754 833 voci,
809 738 1017 832 idest,
1070 736 1477 813 facundiori
1527 757 1895 830 sermone,
1940 736 2150 831 quasi
2201 735 2430 811 dicat:
2470 736 2659 810 sorte
2698 734 2944 809 veniet

578 860 769 935 alius
819 863 1036 954 poeta
1089 857 1551 952 eloquentior
1599 877 1746 951 me,
1800 856 1929 951 qui
1996 857 2233 952 magis
2297 855 2619 930 movebit
2667 854 2944 950 Apolli-

577 1000 749 1056 nem
778 974 899 1072 (¹);
936 986 1012 1054 et
1044 978 1237 1072 dicit,
1266 981 1492 1071 forse,
1527 976 1953 1052 dubitative.
1990 978 2079 1050 Et
2113 976 2230 1052 hic
2275 983 2447 1052 nota
2490 975 2685 1071 quod
2721 980 2938 1070 poeta

581 1120 717 1195 pro
768 1105 978 1195 parte
1030 1098 1321 1172 videtur
1371 1098 1617 1172 dicere
1667 1117 1973 1190 verum3
2012 1118 2184 1171 nam
2237 1102 2579 1191 tempore
2618 1115 2770 1189 quo
2805 1094 2939 1168 flo-

586 1220 797 1295 rebat
846 1219 1113 1293 Dantes
1165 1217 1602 1292 novissimus
1636 1222 1852 1311 poeta
1892 1216 2288 1290 Petrarcha
2341 1213 2768 1310 pullulabat,
2807 1212 2938 1307 qui

590 1360 769 1415 vere
795 1339 930 1413 fuit
957 1338 1315 1434 copiosior
1344 1339 1416 1411 in
1441 1336 1746 1412 dicendo
1782 1358 2011 1431 quam
2039 1337 2209 1430 ipse.
2239 1334 2381 1410 Sed
2421 1340 2625 1409 certe
2660 1338 2938 1428 quanto

591 1458 988 1533 Petrarcha
1054 1457 1189 1531 fuit
1254 1457 1491 1531 maior
1556 1463 1808 1531 orator
1877 1457 2142 1550 Dante,
2203 1461 2406 1529 tanto
2468 1453 2736 1528 Dantes
2802 1452 2940 1525 fuit

591 1578 830 1653 maior
879 1583 1095 1673 poeta
1147 1577 1301 1672 ipso
1351 1577 1770 1670 Petrarcha,
1812 1581 1898 1649 ut
1932 1575 2142 1649 facile
2189 1580 2386 1669 patet
2419 1594 2514 1648 ex
2547 1574 2685 1649 isto
2725 1592 2940 1651 sacro

592 1702 954 1792 poemate.

740 1820 964 1907 Sorqe
1013 1819 1088 1890 ai
1134 1818 1439 1889 mortali.
1477 1815 1617 1889 Ista
1664 1820 1774 1888 est
1824 1813 2038 1888 tertia
2081 1834 2249 1909 pars
2282 1813 2646 1910 generalis
2682 1812 2756 1885 in
2792 1831 2942 1906 qua

592 1941 807 2032 poeta
848 1937 1117 2011 Dantes
1151 1935 1462 2010 ostendit
1497 1934 1815 2029 qualiter
1848 1954 2074 2028 opera
2107 1933 2455 2008 Beatricis
2495 1934 2648 2028 ipse
2685 1951 2944 2006 ascen-

592 2055 781 2130 derit
833 2056 1144 2151 coelum3
1182 2063 1257 2131 et
1296 2055 1537 2151 primo
1586 2054 1961 2150 praemittit
2011 2053 2365 2149 optimam
2402 2053 2942 2149 dispositionem

594 2177 968 2273 temporis,
1019 2197 1169 2270 qua
1220 2174 1518 2250 intravit
1563 2175 1863 2268 coelum,
1919 2173 2073 2249 sive
2124 2173 2452 2269 implevit
2501 2173 2692 2247 istud
2755 2174 2944 2268 opti-

594 2319 806 2371 mum
858 2319 1064 2393 opuS.
1119 2298 1207 2370 Et
1256 2297 1415 2371 vult
1464 2294 1989 2370 sententialiter
2037 2294 2283 2369 dicere
2334 2293 2531 2388 quod
2592 2295 2699 2369 sol
2750 2293 2945 2369 orie-

596 2418 819 2492 batur
868 2417 1002 2491 sibi
1052 2417 1127 2492 in
1176 2417 1441 2491 ariete:
1495 2421 1570 2490 et
1618 2415 1847 2512 tangit
1906 2415 2146 2510 primo
2195 2414 2638 2511 generaliter
2688 2412 2942 2502 multi-

599 2537 861 2632 plicem
914 2542 1163 2609 ortum
1214 2536 1406 2629 solis,
1456 2535 1741 2610 dicens:
1783 2540 1887 2608 La
1939 2538 2225 2608 lucerna
2258 2536 2372 2607 del
2403 2536 2688 2626 monde,
2735 2531 2942 2625 idest,

600 2656 709 2731 sol
758 2656 861 2731 sic
910 2655 1144 2730 dictus
1192 2656 1391 2730 solus
1436 2675 1659 2749 super
1694 2655 1944 2729 omnia
1979 2655 2265 2748 lucens3
2301 2660 2414 2729 est
2449 2653 2647 2728 enim
2682 2653 2942 2726 oculus

602 2775 881 2870 mundi,
929 2796 1142 2866 sorye
1191 2777 1267 2848 ai
1315 2776 1624 2866 mortali,
1661 2773 1863 2866 idest,
1903 2773 2139 2848 oritur
2174 2792 2397 2868 super
2431 2772 2786 2865 homines,
2817 2793 2951 2864 per

601 2898 873 2970 diverse
901 2898 1070 2990 soci,
1107 2894 1312 2989 idest,
1348 2894 1677 2989 partibus
1728 2894 1847 2969 vel
1897 2893 2138 2990 signis.
2178 2893 2283 2968 Ad
2320 2892 2517 2987 quod
2548 2892 2950 2966 notandum

602 3014 800 3109 quod
852 3014 961 3088 sol
1012 3035 1160 3089 non
1212 3034 1506 3109 semper
1554 3014 1794 3088 oritur
1844 3033 1985 3088 nec
2028 3013 2287 3088 occidit
2334 3012 2413 3087 in
2462 3011 2722 3087 eodem
2766 3011 2952 3107 locO,

604 3133 731 3207 sed
780 3134 968 3207 alius
1019 3140 1129 3208 est
1179 3140 1388 3209 ortus
1439 3133 1599 3208 eius
1639 3141 1714 3207 et
1765 3154 2073 3209 occasus
2109 3133 2182 3206 in
2218 3132 2726 3228 aequinoctiali,
2781 3133 2956 3227 quia

603 3251 795 3326 aries
838 3259 911 3327 et
962 3252 1184 3328 libra:
1220 3252 1409 3327 alius
1441 3258 1550 3327 est
1586 3258 1795 3329 ortus
1828 3260 1902 3328 et
1937 3274 2243 3329 occasus
2291 3252 2368 3326 in
2419 3253 2720 3326 solstitio
2771 3253 2955 3350 bye-

603 3371 802 3466 mali,
838 3372 1010 3466 quia
1052 3371 1213 3446 finis
1264 3372 1635 3468 sagiptarii
1687 3380 1761 3447 et
1812 3373 2249 3468 principium
2285 3372 2729 3467 capricorni:
2766 3372 2954 3448 alius

605 3498 714 3566 est
763 3491 837 3566 in
900 3492 1203 3567 solstitio
1261 3492 1586 3587 aestivali,
1639 3492 1814 3586 quia
1876 3492 2038 3567 finis
2094 3493 2568 3590 geminorum
2620 3501 2695 3567 et
2751 3494 2955 3588 prin-

606 3612 877 3706 cipium
929 3611 1194 3685 cancri.
1248 3611 1373 3686 Sol
1421 3618 1675 3686 autem
1739 3613 2203 3708 principalius
2268 3613 2506 3689 oritur
2553 3613 2630 3686 in
2680 3613 2954 3707 ariete3

605 3730 804 3807 unde
851 3731 1057 3805 dicit:
1111 3752 1228 3804 ma
1262 3733 1358 3804 da
1384 3735 1648 3834 quella,
1685 3732 1978 3826 scilicet,
2016 3733 2229 3808 fauce
2268 3733 2506 3806 oritur
2557 3732 2954 3828 potissime,

604 3854 724 3926 che
769 3854 1028 3943 ,qiunye
1077 3857 1356 3942 quadro
1405 3854 1605 3943 sequi
1651 3872 1785 3924 con
1836 3859 1942 3925 tre
1990 3856 2202 3943 croci,
2251 3852 2546 3946 scilicet,
2587 3852 2661 3926 in
2696 3851 2954 3946 ariete,

605 3972 733 4047 ubi
784 3976 1107 4065 quatuor
1157 3970 1412 4045 circuli
1453 3972 2008 4068 coniunguntur
2042 3972 2116 4044 in
2152 3993 2388 4045 unum
2424 3972 2768 4048 facientes
2803 3979 2956 4050 tres

608 4110 889 4186 cruceS,
943 4089 1071 4185 qui
1118 4096 1292 4164 sunt
1341 4090 1890 4186 aequinoctialis,
1940 4090 2305 4187 zodiacuS,
2348 4093 2650 4167 horizon
2700 4100 2776 4168 et
2826 4114 2955 4170 co-

610 4208 841 4301 lurus,
858 4209 1045 4282 sicut
1066 4209 1617 4285 demonstratur
1643 4216 1897 4305 aperte
1922 4210 1996 4284 in
2024 4230 2237 4305 spera
2265 4212 2628 4287 materiali
2652 4212 2745 4287 ad
2773 4234 2953 4288 ocu-

611 4325 803 4399 lum:
856 4333 1091 4421 potest
1141 4333 1388 4404 tamen
1440 4328 1741 4425 intelligi
1791 4330 2211 4426 allegorice,
2253 4330 2451 4425 quod
2503 4333 2612 4405 sol
2654 4333 2955 4429 justitiae

735 4581 793 4647 (¹)
825 4584 888 4636 E.
921 4582 1224 4647 Apollinem
1258 4599 1368 4648 me:
1400 4592 1454 4637 et
1485 4587 1640 4639 dicet.
