3734 5567
1343 510 1620 568 CANTUS
1669 514 2003 580 QUINTUS·
2697 505 2837 570 409

491 663 652 736 loco
703 656 1002 756 virginis
1052 655 1251 750 quod
1309 656 1381 729 in
1449 657 1618 731 luco
1681 663 1874 731 esset
1935 655 2316 750 oblatum3
2367 664 2444 731 et
2493 660 2843 733 continuo

490 780 798 857 cessavit
849 783 1280 873 tempestas:
1334 783 1407 851 et
1458 776 2030 852 deliberantibus
2079 775 2358 851 cunctis
2420 778 2839 872 stupefactis

490 922 715 978 cerva
763 897 1209 996 pulcerrima
1272 896 1611 992 apparuit
1676 902 1849 971 ante
1917 916 2152 990 aram,
2204 916 2431 990 quam
2486 900 2831 973 continuo

490 1022 1085 1096 immolaverunt.
1138 1019 1225 1090 Et
1276 1015 1586 1090 Achilles
1636 1022 1712 1090 et
1760 1014 1880 1091 alii
1934 1014 2379 1090 clandestine
2426 1015 2837 1093 destinave-

496 1145 670 1214 runt
718 1138 1077 1234 virginem
1111 1137 1205 1211 ad
1238 1156 1493 1232 regem
1545 1137 1994 1231 scytharum,
2030 1134 2158 1227 qui
2205 1144 2380 1211 tunc
2429 1143 2627 1211 erat:
2683 1159 2834 1231 quo

491 1260 679 1336 sacto
715 1278 927 1355 reges
962 1256 1338 1332 venientes
1370 1255 1465 1330 ad
1498 1254 2131 1351 Agamemnonem
2168 1260 2517 1330 moestum
2569 1277 2833 1333 conso-

490 1380 614 1454 lati
666 1378 1144 1453 restituerunt
1194 1376 1432 1471 ipsum
1485 1375 1578 1449 ad
1630 1375 1954 1471 primum
2016 1376 2395 1449 honorem.
2462 1375 2643 1464 Quae
2720 1399 2840 1453 res

490 1500 624 1573 fuit
669 1497 1083 1595 gratissima
1134 1495 1514 1589 exercitui,
1559 1495 1733 1589 quia
1775 1516 2031 1570 omnes
2066 1495 2271 1569 illum
2309 1498 2512 1571 velut
2547 1504 2829 1592 patrem

491 1618 1103 1715 sapientissimum
1156 1615 1513 1691 colebant.
1565 1615 1894 1703 Qualiter
1944 1622 2197 1691 autem
2249 1617 2541 1692 Orestes
2593 1618 2830 1693 occisa

493 1744 731 1812 matre
764 1736 1184 1832 pervenerit
1227 1737 1321 1811 ad
1361 1735 1807 1832 Iphigeniam
1843 1755 2176 1811 sororem
2214 1756 2428 1810 suam
2464 1758 2609 1813 non
2659 1760 2833 1834 pro—

492 1879 786 1953 sequor,
816 1858 987 1953 quia
1017 1878 1162 1931 non
1190 1857 1359 1931 facit
1381 1856 1475 1930 ad
1503 1855 1993 1952 propositum3
2023 1856 2148 1931 sed
2174 1856 2230 1930 si
2268 1858 2455 1932 scire
2481 1858 2659 1934 velis
2693 1861 2833 1934 hoc

490 1979 736 2054 scribit
785 1978 1083 2053 Ovidius
1132 1979 1331 2052 clare
1382 1978 1567 2051 libro
1602 1978 1696 2052 de
1729 1977 1983 2051 Ponto.
2021 1976 2313 2082 Sed-hic
2349 1985 2542 2072 nota,
2578 1981 2830 2074 lector,

494 2099 691 2194 quod
742 2098 1148 2173 secundum
1201 2097 1526 2173 fabulam
1564 2092 1638 2189 (¹)
1693 2101 1907 2191 poeta
1959 2103 2206 2172 noster
2250 2096 2538 2172 videtur
2587 2099 2832 2175 dicere

495 2220 792 2314 falsum3
829 2219 1001 2314 quia
1036 2221 1544 2314 Agamemnon
1580 2239 1726 2292 non
1763 2218 1964 2292 vovit
1998 2239 2134 2293 nec
2167 2218 2574 2294 immolavit
2608 2220 2831 2294 filiam

489 2346 767 2436 sponte,
796 2340 946 2413 imo
972 2360 1265 2435 semper
1293 2340 1553 2434 vetuit3
1584 2340 1710 2415 sed
1736 2340 2124 2415 dicendum
2154 2346 2262 2415 est
2289 2341 2486 2435 quod
2509 2348 2730 2416 autor
2754 2335 2828 2434 (²)

486 2462 764 2555 accepit
788 2461 927 2534 hoe
951 2481 996 2533 a
1023 2460 1256 2534 Tullio
1282 2459 1409 2554 qui
1436 2460 1682 2534 scribit
1708 2461 1926 2536 tertio
1951 2459 2380 2536 officiorum
2409 2462 2605 2555 quod
2632 2462 2829 2559 Aga-

485 2600 835 2656 memnon
886 2600 1058 2654 cum
1102 2580 1512 2656 devovisset
1545 2582 1814 2676 Dianae,
1850 2583 2050 2678 quod
2083 2583 2157 2657 in
2199 2604 2338 2657 suo
2391 2604 2623 2679 regno
2665 2586 2829 2679 pul-

485 2701 883 2776 cerrimum
941 2709 1192 2776 natum
1249 2709 1440 2777 esset
1488 2704 1610 2777 illo
1659 2725 1879 2798 anno,
1931 2704 2337 2779 immolavit
2375 2703 2822 2800 Iphigeniam

481 2844 631 2916 qua
681 2823 856 2896 nihil
906 2829 1068 2897 erat
1116 2843 1207 2897 eo
1241 2843 1436 2897 anno
1471 2831 1725 2898 natum
1766 2824 2112 2919 pulcrius,
2150 2826 2238 2897 Et
2266 2824 2504 2919 primo
2545 2825 2827 2898 Tuscu-

483 2944 625 3018 lani
659 2943 830 3018 dicit
868 2943 1237 3040 Iphigenia
1284 2943 1357 3016 in
1392 2944 1650 3019 Aulide
1700 2945 1865 3018 duci
1913 2965 1993 3019 se
2043 2945 2562 3020 immolandam
2592 2946 2827 3040 jubet,

481 3074 565 3139 ut
597 3066 918 3139 hostium
953 3064 1249 3160 sanguis
1282 3063 1725 3137 effundatur.
1754 3065 1966 3140 Nunc
1998 3066 2092 3140 ad
2127 3065 2414 3140 literam
2445 3065 2614 3140 dicit
2639 3066 2826 3139 Bea-

483 3186 672 3259 trix:
747 3191 809 3258 Ε
865 3187 1183 3257 ritrovar
1240 3186 1435 3275 puoi,
1504 3184 1775 3259 scilicet
1840 3186 2198 3280 homineS,
2269 3190 2337 3260 lo
2397 3207 2588 3278 yrun
2646 3189 2829 3260 duca

480 3308 588 3379 de'
614 3307 840 3396 Greci,
894 3305 1548 3399 Agamemnonem,
1609 3297 1749 3377 cosi
1812 3309 2044 3397 scotto,
2110 3306 2187 3378 in
2256 3307 2588 3382 vovendo
2640 3306 2829 3380 sicut

481 3427 806 3521 Iephthe.
850 3426 1056 3500 Unde
1090 3425 1366 3499 Tullius
1415 3425 1625 3500 dicit:
1667 3429 2099 3518 promissum
2121 3429 2357 3520 potius
2384 3449 2530 3502 non
2559 3429 2827 3520 sacien-

436 3584 440 3588 v
478 3550 670 3639 dum,
726 3568 936 3639 quam
975 3529 1130 3619 ⁸tam
1169 3549 1446 3620 crudele
1466 3556 1825 3639 peccamm
1867 3551 2438 3622 committendum.
2491 3548 2581 3621 Et
2613 3548 2822 3622 dicit:

478 3669 660 3740 onde
701 3669 949 3758 pianse
999 3668 1294 3757 Ifiyenia
1341 3668 1395 3739 il
1439 3687 1566 3738 suo
1615 3669 1724 3741 bel
1770 3670 1981 3759 volco,
2032 3668 2197 3742 licet
2243 3689 2390 3742 non
2442 3668 2629 3742 sicut
2679 3667 2822 3741 filia

478 3786 805 3882 Jephtbe,
856 3808 894 3859 e
936 3789 1029 3880 [θ’
1058 3789 1363 3879 ρίαηῃεν
1412 3789 1488 3860 di
1533 3808 1608 3860 se
1655 3791 1684 3859 i
1737 3790 1897 3880 solli
1945 3809 1983 3860 e
2030 3791 2059 3859 i
2105 3792 2285 3882 savi,
2345 3788 2553 3883 quasi
2605 3788 2820 3879 dicat,

476 3927 734 3982 omnes
786 3908 1136 3983 habentes
1187 3908 1589 3983 humanam
1639 3908 2129 4002 affectionem,
2180 3911 2298 3982 che
2353 3911 2517 3982 ndir
2561 3912 2822 4001 parlar

478 4030 551 4099 di
597 4021 741 4102 cosi
782 4033 963 4123 sacco
1012 4031 1232 4123 colco;
1282 4036 1561 4122 quanto
1613 4029 1847 4124 magis
1900 4029 2028 4124 qui
2079 4029 2455 4104 viderunt!
2491 4030 2580 4104 Et
2619 4038 2823 4106 certe

479 4145 712 4221 simile
746 4148 1000 4225 fecisse
1051 4156 1401 4225 narratur
1434 4150 1624 4225 alius
1657 4150 1804 4223 dux
1843 4170 2133 4245 graecus
2167 4149 2625 4245 Idomeneus,
2662 4151 2813 4246 qui,

481 4270 564 4337 ut
620 4266 868 4340 scribit
917 4268 1282 4365 Virgilius,
1347 4269 1776 4345 imminente
1833 4270 2070 4344 valida
2141 4276 2575 4367 tempestate
2643 4293 2815 4347 cum

480 4385 749 4460 rediret
796 4407 841 4461 a
892 4388 1127 4481 Troia,
1164 4390 1363 4466 vovit
1413 4410 1495 4464 se
1544 4390 2105 4466 immolaturum
2143 4392 2457 4488 primam
2500 4413 2660 4468 rem
2695 4413 2822 4468 oc-

595 4648 652 4711 (¹)
685 4649 747 4700 E.
780 4649 1010 4700 rabulam
1043 4652 1297 4715 poeticam
1329 4656 1482 4715 poeta
1512 4657 1708 4703 noster.
1962 4652 2016 4714 θ)
2047 4654 2111 4705 E.
2143 4659 2297 4704 autor
2327 4659 2505 4705 nomer
2535 4654 2751 4716 accepit.
