3734 5567
1317 500 1593 556 CANTUS
1645 501 1983 554 ocTAst.
2681 490 2821 555 489

484 652 713 738 sonia,
750 647 954 740 idest,
1009 644 1126 718 illa
1178 666 1347 740 pars
1380 646 1620 720 ltaliae.
1659 646 1979 719 Ausonia
2021 647 2215 720 enim
2259 645 2395 719 suit
2439 646 2609 720 olim
2655 667 2825 741 pars

485 768 686 862 Latii,
741 767 865 840 ubi
918 766 1052 838 luit
1101 765 1335 839 Roma
1385 772 1459 839 et
1510 773 1616 839 tot
1667 767 1912 861 populi
1963 766 2163 840 latini
2198 765 2438 859 vicini,
2473 767 2661 841 sicut
2695 787 2826 861 pa—

485 896 587 963 tet
638 909 771 984 per
820 887 1102 962 Livium
1158 892 1231 962 et
1257 878 1331 979 (¹)
1390 887 1737 959 Plinium:
1791 887 1919 961 sed
1969 887 2287 961 Ausonia
2343 888 2641 982 ponitur
2693 907 2824 982 pro

486 1010 708 1102 ltalia,
761 1009 947 1082 sicut
997 1014 1070 1081 et
1120 1009 1409 1082 Latium
1460 1029 1653 1103 saepe
1692 1008 1887 1102 apud
1929 1015 2202 1102 poetaS,
2237 1011 2356 1080 che
2404 1010 2823 1099 s'imborya,

485 1131 690 1224 idest,
759 1130 1151 1222 habitatur,
1219 1132 1295 1203 di
1362 1132 1567 1220 Bari,
1619 1148 1789 1222 quae
1854 1135 1964 1203 est
2030 1129 2282 1202 civitas
2350 1147 2571 1222 super
2639 1128 2823 1201 mari

485 1248 801 1343 adriacO,
870 1254 1041 1322 nota
1113 1248 1321 1322 titulo
1382 1248 1676 1339 Nicolai,
1748 1252 1821 1321 di
1876 1251 2120 1339 Gaeta,
2179 1268 2348 1341 quae
2407 1254 2516 1322 est
2575 1248 2826 1322 civitas

486 1390 707 1464 super
760 1368 945 1442 mari
1000 1375 1228 1463 tusco,
1265 1369 1730 1443 denominata
1766 1390 1809 1442 a
1846 1370 2135 1442 nutrice
2186 1368 2425 1461 Eneae,
2461 1391 2498 1440 e
2532 1357 2608 1442 di
2648 1373 2824 1441 Cro-

485 1497 678 1579 tona,
730 1508 898 1581 quae
950 1495 1060 1563 est
1109 1489 1360 1562 civitas
1413 1489 1484 1561 in
1538 1495 1878 1563 extremo
1915 1488 2159 1583 ltaliae,
2196 1489 2405 1582 quasi
2446 1489 2518 1561 in
2558 1494 2821 1583 puncta

483 1630 757 1702 cornu3
823 1612 922 1681 da
982 1630 1133 1702 ove,
1185 1609 1388 1702 idest,
1441 1609 1515 1680 in
1569 1629 1715 1702 qua
1766 1614 1975 1702 parte
2030 1608 2274 1700 ltaliae,
2355 1614 2638 1699 Τνοηίο,
2698 1609 2822 1701 qui

486 1737 592 1802 est
644 1729 910 1804 fluvius
959 1730 1129 1802 satis
1180 1729 1505 1803 famosus
1554 1728 1747 1823 apud
1800 1727 2143 1801 Esculum
2206 1728 2572 1803 civitatem
2635 1727 2826 1802 inter

487 1850 819 1944 Apuliam
873 1856 947 1924 et
998 1850 1416 1943 Marchiam,
1469 1871 1506 1921 e
1569 1851 1811 1938 Verde,
1871 1848 2058 1921 alius
2123 1849 2413 1941 fluvius,
2465 1849 2539 1922 in
2600 1869 2821 1942 quem

484 1969 761 2045 deiecta
814 1976 983 2044 sunt
1033 1990 1195 2044 ossa
1248 1969 1618 2062 Manfredi,
1669 1973 1744 2041 in
1797 1990 1997 2040 mare
2047 1989 2340 2060 syorya,
2387 1969 2589 2063 idest,
2644 1969 2826 2043 labi-

487 2097 609 2164 tur
660 2091 733 2163 in
789 2111 996 2164 mare
1047 2097 1361 2163 tuscum.
1390 2091 1895 2180 —Fulyeami.
1948 2089 2078 2162 Hic
2128 2089 2434 2162 Carolus
2489 2088 2829 2162 describit

484 2212 782 2286 tertium
839 2231 1181 2306 regnum,
1232 2231 1277 2285 a
1328 2232 1479 2304 quo
1529 2211 2044 2285 denominatus
2085 2216 2195 2283 est
2247 2230 2377 2283 rex
2430 2208 2502 2281 in
2554 2210 2699 2282 vita
2754 2215 2828 2282 et

485 2332 815 2429 pervenit
863 2332 951 2405 ad
1010 2353 1271 2416 manus
1325 2332 1633 2406 haeredis
1682 2331 1816 2405 sui.
1873 2331 1980 2404 Ad
2040 2329 2238 2424 quod
2291 2336 2400 2404 est
2450 2328 2823 2403 sciendum

487 2452 687 2546 quod
736 2452 1039 2526 Carolus
1088 2452 1459 2525 Martellus
1510 2457 1904 2525 coronatus
1938 2456 2047 2524 est
2086 2469 2216 2523 rex
2259 2449 2674 2546 Hungariae,
2719 2447 2827 2521 vi—

488 2577 705 2645 vente
739 2578 969 2666 patre,
1007 2591 1135 2666 per
1173 2593 1402 2644 unum
1451 2572 1894 2646 cardinalem
1938 2571 2290 2666 legatum,
2329 2577 2625 2642 mortuo
2668 2568 2827 2643 Ste-

487 2693 729 2787 phano
782 2711 961 2787 rege
1010 2691 1402 2788 Hungariae
1435 2692 1589 2767 sine
1631 2692 1963 2785 haerede3
2001 2698 2075 2765 et
2110 2690 2417 2766 Carolus
2453 2688 2826 2761 Humber—

486 2819 606 2886 tus
641 2811 830 2885 filius
880 2811 1040 2886 eius
1090 2811 1402 2885 obtinuit
1442 2833 1797 2907 regnum3
1840 2820 1916 2887 et
1949 2812 2046 2886 ita
2083 2811 2392 2885 debebat
2427 2809 2825 2883 succedere

483 2933 559 3006 in
609 2953 841 3029 regno
892 2933 1169 3027 Apuliae
1220 2932 1279 3004 si
1330 2932 1694 3007 Robertus
1730 2953 1875 3006 non
1912 2932 2337 3007 exclusisset
2386 2952 2601 3023 eum3
2663 2929 2827 3003 ideo

487 3073 895 3146 numquam
951 3052 1084 3126 fuit
1133 3057 1538 3126 contentus.
1583 3052 1712 3126 Hic
1750 3052 2123 3130 Hubertus
2175 3059 2383 3147 pater
2434 3051 2567 3123 suit
2618 3050 2825 3122 istius

485 3172 830 3246 Ludovici
882 3171 1354 3267 potentissimi
1412 3172 1603 3268 regis
1655 3171 2072 3268 Hungariae,
2108 3172 2233 3266 qui
2267 3171 2523 3246 diebus
2567 3169 2829 3244 nostris

487 3291 723 3365 tenuit
774 3292 1002 3366 multa
1058 3312 1306 3387 regna.
1360 3292 1731 3366 Martellus
1794 3299 2047 3366 autem
2109 3291 2449 3366 describit
2512 3311 2823 3386 regnum

488 3412 880 3508 Hungariae
930 3413 1170 3487 solum
1223 3413 1319 3485 ab
1372 3432 1521 3486 uno
1573 3413 1911 3487 flumine:
1949 3434 2086 3488 nec
2122 3413 2421 3505 mirum,
2456 3413 2625 3506 quia
2665 3412 2831 3484 nul-

487 3532 603 3605 lus
669 3531 933 3606 fluvius
998 3537 1109 3605 est
1168 3530 1403 3606 maior
1462 3533 1535 3605 in
1602 3539 1756 3606 toto
1824 3533 2008 3607 orbe
2073 3532 2523 3624 occidentali,
2587 3531 2830 3606 nullus

491 3651 708 3726 babet
758 3652 1162 3747 longiorem
1215 3673 1545 3746 cursum,
1582 3654 1824 3727 nullus
1875 3653 2132 3726 transit
2172 3673 2302 3747 per
2343 3659 2450 3726 tot
2503 3652 2830 3724 nationes

487 3771 835 3865 diversas,
872 3772 998 3866 qui
1048 3772 1284 3845 oritur
1328 3772 1402 3846 in
1442 3773 1727 3870 alpibus
1760 3774 2198 3868 Germaniae,
2251 3780 2326 3848 et
2379 3772 2645 3847 labitur
2697 3790 2829 3864 per

487 3890 858 3966 Austriam
896 3892 970 3964 in
1004 3892 1455 3988 Alamannia,
1497 3893 1761 3968 deinde
1796 3914 1927 3990 per
1966 3893 2441 3988 Hungariam,
2486 3890 2826 3980 Maesiam,

487 4017 562 4086 et
612 4011 1183 4086 innumerabiles
1230 4019 1488 4108 gentes
1539 4013 1962 4088 infidelium.
2016 4012 2294 4106 Recipit
2350 4010 2423 4083 in
2484 4031 2563 4085 se
2614 4029 2830 4084 sexa-

354 4123 361 4132 '
488 4130 687 4225 ginta
716 4123 790 4223 (²)
846 4132 1149 4208 flumina
1204 4153 1495 4229 magna,
1549 4139 1623 4209 et
1672 4155 1803 4229 per
1853 4154 1985 4208 sex
2021 4135 2137 4208 vel
2171 4139 2451 4227 septem
2496 4131 2679 4205 ostia
2718 4131 2830 4203 in-

491 4253 633 4322 trat
683 4250 757 4322 in
805 4251 1146 4347 Pontum,
1200 4253 1405 4347 idest,
1456 4253 1529 4326 in
1582 4275 1791 4329 mare
1825 4253 2098 4348 maius;
2135 4273 2459 4347 quorum
2508 4259 2830 4346 quatuor

488 4368 830 4445 dicuntur
881 4373 1335 4469 navigabilia,
1392 4374 1672 4468 reliqua
1704 4366 1778 4467 (³)
1837 4395 2004 4449 non.
2045 4373 2228 4449 Dicit
2258 4394 2441 4470 ergo
2477 4374 2550 4447 in
2584 4374 2826 4448 litera:

611 4625 665 4688 (¹)
698 4626 761 4677 E.
792 4632 846 4678 et
878 4640 974 4691 por
1003 4628 1245 4679 Plinium.
1435 4630 1491 4694 (¹)
1522 4636 1570 4692 4,
1602 4632 1959 4697 quadraginta.
2150 4633 2204 4696 (⁸)
2237 4639 2284 4694 h,
2316 4633 2515 4698 reliqua
2549 4645 2675 4683 vero
2707 4645 2828 4683 non.
