3734 5567
1172 499 1448 555 CANTUS
1497 502 1880 556 v1GES1MUs
1931 502 2285 567 QUARTUS.
2810 490 2900 555 69

560 646 659 718 IX
707 644 1176 738 Ethicorum3
1228 644 1439 738 quasi
1488 645 1679 720 dicat
1728 646 1982 720 tacite:
2045 666 2168 721 me
2231 650 2520 740 oportet
2579 645 2906 741 expediri

558 766 770 840 citius
821 786 868 839 a
918 771 1015 857 te,
1055 784 1148 838 ne
1190 763 1653 839 retardemus
1687 764 2002 839 Statium
2038 765 2166 859 qui
2202 764 2427 839 tendit
2460 765 2554 839 ad
2590 765 2903 859 eoelum3

561 886 725 960 ideo
794 884 909 958 dic
987 883 1186 977 mihi,
1240 904 1445 979 rogo,
1499 883 1623 957 ubi
1686 890 1797 958 est
1862 905 2075 958 soror
2127 889 2306 959 tua?
2375 886 2462 957 Et
2537 884 2704 958 facit
2774 905 2905 979 pe-

564 1006 889 1079 titionem
944 1025 1181 1097 suam,
1217 1004 1500 1078 dicens:
1555 1026 1674 1077 ma
1709 1007 1988 1096 dimme,
2024 1012 2415 1100 postquam
2449 1005 2594 1078 dixi
2652 1004 2778 1081 tibi
2814 1004 2908 1080 de

566 1127 768 1220 meis,
819 1148 893 1199 se
950 1132 1021 1198 tu
1081 1128 1217 1217 sai,
1280 1128 1438 1198 dov’
1465 1119 1507 1198 e*
1566 1129 1943 1218 Piccarda,
2003 1146 2214 1200 soror
2278 1132 2445 1219 tua3
2498 1132 2572 1199 et
2632 1126 2905 1199 iterum

564 1248 777 1343 petit:
813 1249 1066 1320 dimme
1097 1248 1154 1318 s'
1177 1248 1250 1318 io
1284 1248 1529 1336 veyyio
1555 1268 1865 1339 persona
1915 1247 2014 1319 da
2063 1253 2298 1338 notar,
2348 1245 2646 1341 dignam
2682 1245 2903 1339 fama,

565 1374 681 1440 tra
736 1372 974 1459 questa
1030 1372 1252 1458 yeme,
1318 1364 1774 1461 gulosorum,
1829 1368 1949 1439 che
2005 1359 2066 1439 εὶ
2125 1368 2222 1438 mi
2275 1367 2655 1457 riquardo,
2728 1385 2904 1438 cum

564 1493 766 1561 tanta
815 1485 1316 1560 admiratione.
1344 1519 1444 1539 --
1470 1490 1573 1559 La
1624 1490 1787 1559 mia.
1832 1487 1963 1560 Hic
2002 1491 2219 1581 poeta
2252 1486 2452 1581 ponit
2493 1485 2907 1580 responsio-

566 1627 735 1681 nem
787 1605 1061 1680 Foresii
1114 1605 1350 1700 primo
1399 1605 1492 1680 ad
1553 1606 1868 1701 primam
1938 1606 2359 1701 petitionem
2403 1626 2635 1679 -suam
2700 1626 2908 1679 com·
3025 1654 3032 1661 .

566 1726 918 1801 mendans
968 1745 1299 1799 sororem
1354 1746 1568 1798 suam
1630 1726 1894 1800 merita
1951 1725 2193 1819 laude,
2251 1724 2537 1798 dicens:
2602 1728 2705 1797 La
2765 1726 2907 1796 mia

563 1849 848 1937 sorella,
897 1844 1189 1938 scilicet,
1236 1844 1562 1939 Picarda,
1597 1847 1716 1917 che
1751 1852 1867 1918 tra
1901 1846 2079 1917 bella
2112 1866 2149 1918 e
2183 1845 2414 1917 buona
2451 1865 2594 1916 non
2627 1865 2708 1916 so
2742 1847 2912 1935 qual

559 1972 744 2062 fosse
782 1961 932 2058 pit),
976 1970 1052 2039 et
1100 1970 1210 2039 est
1262 1985 1529 2061 magna
1564 1965 1725 2040 laus
1762 1964 2114 2059 mulieris,
2158 1964 2331 2058 quia
2374 1985 2544 2038 rara
2588 1969 2698 2038 est
2731 1985 2909 2038 con-

565 2087 811 2161 cordia
842 2086 1099 2160 formae
1125 2091 1352 2179 atque
1394 2085 1777 2179 pudicitiae,
1806 2089 2072 2179 trionsa
2098 2088 2258 2158 tiela
2288 2087 2597 2158 nell'alto
2623 2087 2908 2178 olimpo,

567 2206 770 2299 idest,
823 2205 898 2278 in
948 2205 1134 2279 coelo
1183 2224 1556 2300 empyreo,
1600 2194 1723 2295 yid
1773 2205 1848 2277 di
1894 2225 2026 2277 sua
2077 2225 2372 2295 corona,
2409 2203 2582 2297 quia
2618 2224 2909 2299 pugna-

568 2326 671 2400 vit
722 2325 1008 2400 fortiter
1055 2325 1130 2398 in
1183 2323 1461 2398 mundo
1511 2331 1765 2398 contra
1819 2344 2146 2418 carnem,
2202 2324 2328 2397 ubi
2388 2329 2500 2398 est
2562 2324 2909 2397 continua

572 2465 842 2541 pugna,
895 2443 1021 2518 sed
1069 2465 1239 2518 rara
1275 2443 1616 2537 victoria3
1661 2443 1826 2517 ideo
1887 2464 2083 2517 nunc
2119 2443 2389 2515 fruitur
2438 2465 2616 2517 vera
2652 2442 2907 2539 gloria.

570 2565 659 2637 Et
708 2564 809 2636 sic
860 2563 1022 2638 vide
1073 2564 1271 2658 quod
1321 2563 1588 2638 Dantes
1626 2563 1856 2637 tribus
1890 2563 2239 2637 fratribus
2289 2564 2413 2637 dat
2464 2563 2603 2637 tria
2657 2583 2910 2660 regna,

572 2683 861 2778 scilicet,
924 2684 1247 2758 Picardae
1314 2684 1758 2779 paradisum,
1809 2683 2105 2757 Foresio
2163 2684 2704 2779 purgatorium,
2770 2683 2911 2758 Ac-

570 2803 817 2878 cursio
866 2803 1260 2898 infernum,
1314 2812 1398 2877 ut
1457 2804 1731 2900 patebit
1788 2804 2011 2898 paulo
2069 2802 2279 2877 infra.
2334 2804 2422 2875 Et
2487 2801 2730 2875 subdit
2793 2823 2912 2877 re-

571 2922 1033 3017 sponsionem
1085 2923 1360 2997 Foresii
1408 2923 1502 2997 ad
1553 2922 1952 2998 secundam
2011 2922 2457 3017 petitionem,
2508 2920 2790 2995 dicens:
2850 2915 2912 2995 εἰ

572 3044 753 3116 disse
797 3046 874 3116 in
915 3046 1111 3135 pria,
1146 3065 1184 3116 e
1226 3047 1374 3136 poi,
1410 3044 1687 3138 supple,
1730 3042 1947 3116 dixit:
1992 3045 2108 3134 qui
2146 3064 2286 3115 non
2328 3045 2392 3115 si
2433 3046 2610 3115 vieta
2660 3044 2736 3116 di
2783 3064 2915 3115 no-

572 3164 809 3235 minar
841 3165 1148 3254 ciascun,
1188 3163 1361 3256 quia
1397 3163 1702 3237 licenter
1735 3183 2031 3258 possum
2070 3162 2187 3236 hic
2216 3162 2599 3237 nominare
2633 3183 2911 3236 unum-

572 3301 969 3375 quemque,
1022 3290 1098 3356 et
1148 3282 1394 3356 nullus
1432 3282 1724 3356 habebit
1763 3303 1898 3377 pro
1935 3281 2155 3375 malo,
2191 3282 2364 3375 quia
2399 3287 2508 3354 est
2542 3281 2642 3355 ita
2679 3288 2917 3356 trans-

572 3400 932 3474 formatus
983 3421 1224 3495 poena‚
1276 3400 1471 3495 quod
1526 3421 1668 3474 non
1721 3407 1829 3475 est
1881 3400 2404 3496 cognoscibilis.
2450 3400 2654 3474 Unde
2700 3400 2915 3475 dicit:

573 3521 670 3591 da
719 3516 881 3592 ch’e*
922 3511 983 3591 εὶ
1031 3526 1271 3592 munta
1302 3526 1550 3592 nostra
1579 3521 2011 3610 sembianza,
2056 3519 2258 3614 idest,
2312 3540 2405 3593 ex
2459 3540 2608 3613 quo
2659 3527 2769 3593 est
2819 3520 2917 3594 ita

574 3637 930 3712 exhausta
990 3643 1065 3712 et
1129 3638 1566 3713 macrefacta
1627 3639 2053 3733 apparentia
2117 3639 2270 3712 sive
2335 3638 2576 3734 figura
2641 3644 2915 3732 nostra,
3006 3732 3010 3736 ¹

575 3759 693 3829 via
731 3777 866 3849 per
918 3759 991 3828 la
1040 3759 1249 3850 dieta,
1299 3758 1504 3852 idest,
1558 3758 1852 3854 longam
1906 3758 2202 3833 famem.
2253 3759 2340 3830 Et
2390 3758 2738 3832 continuo
2774 3758 2915 3832 Fo-

574 3877 809 3951 resius
861 3877 1190 3950 nominat
1241 3899 1472 3951 unum
1535 3900 1756 3951 suum
1809 3879 2130 3954 vicinum
2195 3880 2543 3952 lucanum
2600 3880 2917 3973 natione,

573 3996 850 4070 dicens:
904 4001 1145 4089 questi,
1197 4019 1234 4070 e
1283 3990 1547 4071 mostro
1580 4001 1692 4071 col
1720 4001 1891 4090 ἀπο,
1931 4005 2014 4072 ut
2045 4003 2635 4094 cognosceretur,
2687 3995 2730 4073 e*
2770 4004 2917 4072 Bo-

572 4120 937 4208 nayiunta,
992 4114 1032 4158 *
1059 4121 1133 4192 et
1182 4117 1354 4211 quia
1414 4118 1626 4191 multi
1684 4117 1803 4196 alii
1863 4123 2203 4213 poterant
2263 4118 2365 4192 sic
2429 4118 2701 4213 vocari,
2753 4119 2920 4194 ideo

574 4238 667 4312 ad
700 4237 1095 4313 tollendam
1137 4238 1767 4332 equivocationem
1815 4240 2116 4334 repetit3
2159 4242 2606 4330 Bonaqiunta
2630 4239 2671 4283 *
2702 4231 2775 4332 (⁴)
2820 4242 2920 4313 da

578 4360 841 4450 Lucca,·
893 4377 1030 4432 nec
1078 4357 1420 4433 describit
1478 4378 1652 4432 eum
1713 4357 1946 4452 aliter,
2001 4358 2171 4452 quia
2235 4358 2517 4453 plenius
2576 4358 2766 4434 dicet
2826 4358 2919 4435 de

699 4613 757 4677 (¹)
787 4616 861 4664 Le
893 4615 1073 4678 parole
1103 4614 1184 4665 fra
1217 4616 1235 4666 i
1266 4616 1368 4667 due
1398 4615 1664 4667 asterischi
1695 4629 1789 4667 son
1819 4617 2043 4681 supplice
2074 4616 2159 4667 dal
2190 4616 2375 4668 Codice
2410 4621 2518 4668 117.
