3734 5567
2737 500 2877 568 335

531 911 860 980 CANTUS
922 910 1389 991 SECUNDUS,
1447 913 1517 977 in
1573 929 1692 994 quo
1754 908 2111 974 continetur
2164 929 2456 976 ascensus
2513 912 2584 978 in
2628 934 2881 996 speram

685 1024 868 1102 lzmce,
917 1023 1026 1089 ubi
1054 1022 1326 1105 ponitur
1369 1022 1658 1106 quaedam
1702 1020 1962 1104 qaeestio
2022 1020 2100 1085 de
2146 1020 2518 1089 obscuritate
2572 1047 2711 1108 quoe
2763 1049 2877 1109 ap-

677 1140 871 1218 paret
915 1136 985 1199 in
1030 1133 1203 1200 luna.

697 1406 859 1575 Ο
899 1521 1023 1571 voz
1069 1501 1189 1571 che
1220 1501 1381 1572 stete
1425 1500 1499 1571 in
1534 1500 1894 1591 piccolecta
1926 1499 2167 1570 barca.
2208 1499 2604 1590 Postquam
2644 1496 2716 1569 in
2751 1518 2875 1569 su-

535 1619 801 1716 periori
855 1618 1093 1715 primo
1144 1619 1463 1713 capitulo
1513 1618 1942 1713 prohemiali
1985 1625 2199 1712 poeta
2233 1593 2876 1692 Dantes“tractavit

534 1749 609 1817 et
642 1739 1154 1816 determinavit
1188 1739 1280 1813 de
1316 1740 1475 1812 eius
1509 1738 1834 1835 generali
1871 1759 2180 1814 ascensu
2214 1739 2307 1813 ad
2343 1738 2639 1831 coelum,
2684 1755 2881 1809 nunc

536 1861 1069 1955 subsequenter
1121 1860 1195 1934 iu
1246 1860 1382 1934 isto
1433 1859 1757 1934 secundo
1809 1859 2127 1953 capitulo
2163 1859 2312 1955 agit
2362 1866 2435 1933 et
2487 1864 2750 1933 tractat
2789 1857 2881 1932 de

537 1982 697 2057 eius
747 1981 1035 2076 speciali
1087 2001 1396 2055 ascensu
1451 1980 1546 2054 ad
1596 1980 1912 2075 primam
1964 2000 2253 2074 speram
2311 1980 2523 2053 lunae.
2562 1980 2649 2052 Et
2690 1999 2881 2073 prae-

539 2122 704 2176 sens
757 2099 1157 2196 capitulum
1210 2107 1445 2195 potest
1479 2099 1696 2174 dividi
1731 2100 1805 2173 in
1842 2106 2165 2194 quatuor
2201 2107 2443 2196 partes
2476 2100 2877 2196 generales

536 2222 616 2295 In
667 2219 903 2316 prima
956 2241 1274 2313 quarum
1330 2227 1549 2294 autor
1599 2219 1768 2294 facit
1825 2221 2168 2314 pulcrum
2234 2226 2307 2295 et
2371 2220 2598 2295 breve
2666 2240 2886 2295 exor-

536 2342 765 2434 dium,
818 2341 891 2413 in
943 2361 1093 2433 quo
1143 2341 1266 2414 dat
1325 2361 1544 2414 suum
1611 2341 1992 2413 consilium
2063 2340 2521 2415 auditoribus
2580 2361 2885 2415 servan-

539 2461 717 2534 dum
770 2459 845 2532 in
896 2481 1030 2535 sua
1082 2460 1432 2535 doctrina.
1487 2459 1566 2533 In
1617 2461 1937 2535 secunda
1989 2460 2300 2535 ostendit
2351 2462 2723 2555 quomodo
2776 2460 2888 2534 in-

497 2657 502 2662 .
544 2580 848 2655 traverit
874 2574 950 2672 (¹)
1002 2601 1292 2676 speram
1353 2581 1569 2676 lunae,
1622 2587 1696 2655 et
1744 2581 2084 2656 describit
2148 2601 2415 2677 corpus
2465 2582 2682 2675 lunae,
2737 2581 2882 2656 ibi:

542 2705 644 2773 La
707 2709 1102 2775 concreata.
1173 2702 1251 2774 In
1324 2702 1536 2776 tertia
1604 2700 1835 2797 tangit
1911 2700 2215 2775 dubium
2279 2702 2472 2776 circa
2539 2701 2883 2776 umbram

540 2839 707 2913 quae
732 2828 1034 2916 apparet
1070 2820 1144 2895 in
1179 2822 1378 2918 luna,
1407 2826 1478 2896 et
1513 2821 1897 2917 impugnat
1931 2841 2407 2896 communem
2444 2819 2886 2915 opinionem,

538 2960 705 3034 quae
739 2941 1054 3015 habetur
1103 2942 1196 3016 de
1247 2942 1409 3035 hoc,
1462 2940 1606 3015 ibi:
1660 2945 1785 3014 Ma
1817 2943 2069 3014 ditemi.
2108 2940 2187 3014 ln
2224 2947 2489 3035 quarta
2524 2947 2596 3016 et
2633 2940 2888 3015 ultima

537 3059 828 3133 adducit
890 3081 1103 3135 suam
1155 3060 1599 3155 opinionem,
1650 3081 1878 3154 quam
1940 3060 2171 3136 credit
2229 3081 2508 3154 veram,
2576 3060 2711 3134 ibi:
2789 3064 2895 3133 Or

538 3198 730 3250 come
769 3181 843 3250 αἱ
874 3182 1072 3271 comi.
1127 3180 1234 3253 Ad
1284 3180 1608 3275 primum
1662 3180 1986 3274 venienS,
2028 3180 2211 3275 dico,
2266 3179 2463 3275 quod
2501 3186 2721 3254 autor
2752 3179 2892 3255 dat

542 3319 761 3371 suum
805 3299 1187 3372 consilium
1238 3299 1735 3394 auditoribus3
1790 3305 1863 3375 et
1917 3301 2155 3396 primo
2204 3301 2602 3395 alloquitur
2650 3300 2895 3374 minus

543 3416 874 3513 scienteS,
912 3439 1234 3513 quorum
1287 3426 1399 3494 est
1450 3420 1668 3495 turba
1721 3442 2028 3518 magna3
2066 3428 2141 3496 et
2175 3422 2335 3497 vult
2368 3421 2896 3497 sententialiter

542 3537 830 3612 dicere:
883 3561 929 3613 o
981 3559 1112 3614 vos
1163 3560 1427 3635 parum
1484 3540 1985 3636 intelligenteS,
2039 3541 2166 3635 qui
2217 3541 2487 3638 legistis
2523 3541 2890 3617 infernum

543 3664 617 3731 et
667 3659 1178 3753 purgatorium
1234 3681 1512 3755 meum,
1551 3661 2004 3754 revertimini
2047 3662 2140 3738 ad
2175 3662 2564 3738 materiam
2601 3684 2891 3757 eorum,

542 3783 618 3852 et
669 3798 815 3852 non
865 3777 1360 3856 intromittatis
1410 3802 1542 3858 vos
1577 3782 1651 3855 in
1688 3783 1906 3855 istum
1954 3782 2398 3878 paradisum.
2437 3783 2624 3858 Dicit
2665 3804 2887 3881 ergo:

550 3902 611 3971 0
661 3902 799 3992 voi,
860 3899 1153 3994 scilicet,
1208 3900 1518 3976 lectores
1571 3902 1943 3976 modicum
1996 3902 2504 3999 intelligenteS,
2558 3905 2678 3976 che
2727 3908 2891 3977 siele

541 4020 617 4091 in
673 4023 1036 4112 piccolecea
1094 4021 1345 4113 barca,
1411 4021 1616 4115 idest,
1683 4022 1759 4095 in
1827 4043 2056 4118 parva
2120 4022 2522 4118 capacitate
2579 4022 2890 4119 ingenii3

546 4138 744 4213 unde
795 4140 869 4213 in
918 4140 1271 4238 principio
1323 4140 1730 4238 purgatorii
1783 4146 1998 4237 poeta
2049 4141 2473 4217 assimilavit
2512 4142 2888 4238 ingenium

542 4275 763 4330 suum
816 4260 1202 4335 naviculae:
1256 4267 1333 4336 et
1384 4280 1563 4336 vere
1614 4263 1778 4356 plus
1842 4268 1956 4335 est
2015 4282 2203 4357 opus
2254 4283 2524 4359 magno
2576 4262 2893 4359 ingenio,

542 4396 768 4468 quam
826 4398 1092 4473 magna
1132 4380 1429 4456 scientia
1480 4379 1575 4455 ad
1627 4381 2181 4479 intelligentiam
2225 4382 2446 4457 huius
2481 4382 2669 4477 libri,
2706 4383 2895 4457 sicut

668 4636 721 4699 (¹)
754 4643 802 4698 4,
838 4638 1064 4688 intravit.
