<?xml version="1.0" encoding="UTF-8"?>
<!DOCTYPE html PUBLIC "-//W3C//DTD XHTML 1.0 Transitional//EN"
    "http://www.w3.org/TR/xhtml1/DTD/xhtml1-transitional.dtd">
<html xmlns="http://www.w3.org/1999/xhtml" xml:lang="en" lang="en">
 <head>
  <title>
</title>
<meta http-equiv="Content-Type" content="text/html;charset=utf-8" />
  <meta name='ocr-system' content='tesseract 3.04.00' />
  <meta name='ocr-capabilities' content='ocr_page ocr_carea ocr_par ocr_line ocrx_word'/>
</head>
<body>
  <div class='ocr_page' id='page_1' title='image "benevenutideram02lacagoog_0476.png"; bbox 0 0 3734 5567; ppageno 0'>
   <div class='ocr_carea' id='block_1_1' title="bbox 1070 484 2646 551">
    <p class='ocr_par' dir='ltr' id='par_1_1' title="bbox 1070 484 2646 551">
     <span class='ocr_line' id='line_1_1' title="bbox 1070 484 2646 551; baseline 0 -2"><span class='ocrx_word' id='word_1_1' title='bbox 1070 484 1214 550; x_wconf 77' lang='grc'><strong>466</strong></span> <span class='ocrx_word' id='word_1_2' title='bbox 1855 494 2266 551; x_wconf 73' lang='lat' dir='ltr'><strong>‹20me</strong></span> <span class='ocrx_word' id='word_1_3' title='bbox 2315 499 2646 551; x_wconf 70' lang='lat' dir='ltr'><strong>PARAmsr</strong></span> 
     </span>
    </p>
   </div>
   <div class='ocr_carea' id='block_1_2' title="bbox 1063 634 3360 4337">
    <p class='ocr_par' dir='ltr' id='par_1_2' title="bbox 1063 634 3360 4337">
     <span class='ocr_line' id='line_1_2' title="bbox 1070 634 3356 737; baseline -0.001 -23"><span class='ocrx_word' id='word_1_4' title='bbox 1070 638 1149 714; x_wconf 71' lang='lat' dir='ltr'><strong>se*</strong></span> <span class='ocrx_word' id='word_1_5' title='bbox 1191 649 1436 731; x_wconf 80' lang='lat' dir='ltr'><strong>stessa,</strong></span> <span class='ocrx_word' id='word_1_6' title='bbox 1488 641 1584 714; x_wconf 98' lang='lat' dir='ltr'><strong>ob</strong></span> <span class='ocrx_word' id='word_1_7' title='bbox 1635 640 1926 735; x_wconf 89' lang='lat' dir='ltr'><strong>culpam</strong></span> <span class='ocrx_word' id='word_1_8' title='bbox 1982 661 2195 714; x_wconf 91' lang='lat' dir='ltr'><strong>suam</strong></span> <span class='ocrx_word' id='word_1_9' title='bbox 2250 641 2323 715; x_wconf 90' lang='lat' dir='ltr'><strong>in</strong></span> <span class='ocrx_word' id='word_1_10' title='bbox 2375 662 2671 737; x_wconf 81' lang='lat' dir='ltr'><strong>genere,</strong></span> <span class='ocrx_word' id='word_1_11' title='bbox 2715 634 2904 734; x_wconf 69' lang='lat' dir='ltr'><strong>pero</strong></span> <span class='ocrx_word' id='word_1_12' title='bbox 2961 643 3078 713; x_wconf 78' lang='lat' dir='ltr'><strong>che</strong></span> <span class='ocrx_word' id='word_1_13' title='bbox 3119 643 3173 712; x_wconf 83' lang='lat' dir='ltr'><strong>si</strong></span> <span class='ocrx_word' id='word_1_14' title='bbox 3214 647 3356 712; x_wconf 66' lang='lat' dir='ltr'><strong>torre</strong></span> 
     </span>
     <span class='ocr_line' id='line_1_3' title="bbox 1069 750 3356 856; baseline 0 -23"><span class='ocrx_word' id='word_1_15' title='bbox 1069 763 1170 834; x_wconf 85' lang='lat' dir='ltr'><strong>da</strong></span> <span class='ocrx_word' id='word_1_16' title='bbox 1219 764 1336 833; x_wconf 83' lang='lat' dir='ltr'><strong>via</strong></span> <span class='ocrx_word' id='word_1_17' title='bbox 1387 763 1462 834; x_wconf 82' lang='lat' dir='ltr'><strong>di</strong></span> <span class='ocrx_word' id='word_1_18' title='bbox 1510 750 1734 833; x_wconf 63' lang='lat' dir='ltr'><strong>venta</strong></span> <span class='ocrx_word' id='word_1_19' title='bbox 1781 782 1819 833; x_wconf 86' lang='lat' dir='ltr'><strong>e</strong></span> <span class='ocrx_word' id='word_1_20' title='bbox 1867 763 1968 834; x_wconf 83' lang='lat' dir='ltr'><strong>da</strong></span> <span class='ocrx_word' id='word_1_21' title='bbox 2015 781 2147 834; x_wconf 84' lang='lat' dir='ltr'><strong>sua</strong></span> <span class='ocrx_word' id='word_1_22' title='bbox 2196 765 2365 851; x_wconf 82' lang='lat' dir='ltr'><strong>vita,</strong></span> <span class='ocrx_word' id='word_1_23' title='bbox 2406 762 2613 855; x_wconf 90' lang='lat' dir='ltr'><strong>idest,</strong></span> <span class='ocrx_word' id='word_1_24' title='bbox 2648 761 2827 856; x_wconf 88' lang='lat' dir='ltr'><strong>quia</strong></span> <span class='ocrx_word' id='word_1_25' title='bbox 2865 761 3356 835; x_wconf 88' lang='lat' dir='ltr'><strong>recessitaDeo</strong></span> 
     </span>
     <span class='ocr_line' id='line_1_4' title="bbox 1071 877 3355 975; baseline 0 -22"><span class='ocrx_word' id='word_1_26' title='bbox 1071 882 1196 975; x_wconf 89' lang='lat' dir='ltr'><strong>qui</strong></span> <span class='ocrx_word' id='word_1_27' title='bbox 1248 888 1358 956; x_wconf 91' lang='lat' dir='ltr'><strong>est</strong></span> <span class='ocrx_word' id='word_1_28' title='bbox 1409 881 1550 974; x_wconf 83' lang='lat' dir='ltr'><strong>via,</strong></span> <span class='ocrx_word' id='word_1_29' title='bbox 1602 880 1875 955; x_wconf 84' lang='lat' dir='ltr'><strong>veritas</strong></span> <span class='ocrx_word' id='word_1_30' title='bbox 1924 887 2000 955; x_wconf 91' lang='lat' dir='ltr'><strong>et</strong></span> <span class='ocrx_word' id='word_1_31' title='bbox 2049 881 2219 975; x_wconf 85' lang='lat' dir='ltr'><strong>vita,</strong></span> <span class='ocrx_word' id='word_1_32' title='bbox 2274 889 2348 957; x_wconf 93' lang='lat' dir='ltr'><strong>et</strong></span> <span class='ocrx_word' id='word_1_33' title='bbox 2397 883 2656 958; x_wconf 90' lang='lat' dir='ltr'><strong>cecidit</strong></span> <span class='ocrx_word' id='word_1_34' title='bbox 2688 877 2762 974; x_wconf 83' lang='lat'><strong>(¹)</strong></span> <span class='ocrx_word' id='word_1_35' title='bbox 2810 883 2886 955; x_wconf 95' lang='lat' dir='ltr'><strong>in</strong></span> <span class='ocrx_word' id='word_1_36' title='bbox 2935 881 3225 974; x_wconf 83' lang='lat' dir='ltr'><strong>deviam,</strong></span> <span class='ocrx_word' id='word_1_37' title='bbox 3257 880 3355 954; x_wconf 77' lang='lat' dir='ltr'><strong>fal-</strong></span> 
     </span>
     <span class='ocr_line' id='line_1_5' title="bbox 1070 1001 3356 1095; baseline -0.001 -20"><span class='ocrx_word' id='word_1_38' title='bbox 1070 1002 1356 1076; x_wconf 90' lang='lat' dir='ltr'><strong>sitatem</strong></span> <span class='ocrx_word' id='word_1_39' title='bbox 1401 1007 1475 1076; x_wconf 93' lang='lat' dir='ltr'><strong>et</strong></span> <span class='ocrx_word' id='word_1_40' title='bbox 1518 1008 1858 1076; x_wconf 88' lang='lat' dir='ltr'><strong>mortem.</strong></span> <span class='ocrx_word' id='word_1_41' title='bbox 1885 1042 1986 1054; x_wconf 96' lang='lat'><strong>—</strong></span> <span class='ocrx_word' id='word_1_42' title='bbox 2012 1007 2115 1074; x_wconf 85' lang='lat' dir='ltr'><strong>La</strong></span> <span class='ocrx_word' id='word_1_43' title='bbox 2148 1024 2359 1095; x_wconf 82' lang='lat' dir='ltr'><strong>pena.</strong></span> <span class='ocrx_word' id='word_1_44' title='bbox 2395 1003 2525 1077; x_wconf 90' lang='lat' dir='ltr'><strong>Hic</strong></span> <span class='ocrx_word' id='word_1_45' title='bbox 2558 1004 2858 1078; x_wconf 81' lang='lat' dir='ltr'><strong>Beatrix</strong></span> <span class='ocrx_word' id='word_1_46' title='bbox 2897 1001 3239 1076; x_wconf 83' lang='lat' dir='ltr'>concludit</span> <span class='ocrx_word' id='word_1_47' title='bbox 3264 1020 3356 1073; x_wconf 81' lang='lat' dir='ltr'><strong>ve-</strong></span> 
     </span>
     <span class='ocr_line' id='line_1_6' title="bbox 1073 1121 3355 1217; baseline -0.001 -23"><span class='ocrx_word' id='word_1_48' title='bbox 1073 1122 1362 1196; x_wconf 81' lang='lat' dir='ltr'><strong>ritatem</strong></span> <span class='ocrx_word' id='word_1_49' title='bbox 1393 1121 1811 1214; x_wconf 85' lang='lat' dir='ltr'><strong>quaestionis</strong></span> <span class='ocrx_word' id='word_1_50' title='bbox 1836 1141 1969 1215; x_wconf 87' lang='lat' dir='ltr'><strong>per</strong></span> <span class='ocrx_word' id='word_1_51' title='bbox 2004 1143 2230 1197; x_wconf 89' lang='lat' dir='ltr'><strong>unam</strong></span> <span class='ocrx_word' id='word_1_52' title='bbox 2268 1123 2847 1217; x_wconf 84' lang='lat' dir='ltr'><strong>distinctionem3</strong></span> <span class='ocrx_word' id='word_1_53' title='bbox 2877 1129 2955 1197; x_wconf 92' lang='lat' dir='ltr'><strong>et</strong></span> <span class='ocrx_word' id='word_1_54' title='bbox 2989 1122 3140 1195; x_wconf 88' lang='lat' dir='ltr'><strong>vult</strong></span> <span class='ocrx_word' id='word_1_55' title='bbox 3169 1121 3355 1194; x_wconf 81' lang='lat' dir='ltr'><strong>brevi·</strong></span> 
     </span>
     <span class='ocr_line' id='line_1_7' title="bbox 1074 1240 3356 1339; baseline -0.002 -23"><span class='ocrx_word' id='word_1_56' title='bbox 1074 1248 1189 1316; x_wconf 91' lang='lat' dir='ltr'><strong>ter</strong></span> <span class='ocrx_word' id='word_1_57' title='bbox 1239 1241 1484 1317; x_wconf 84' lang='lat' dir='ltr'><strong>dicere</strong></span> <span class='ocrx_word' id='word_1_58' title='bbox 1534 1242 1731 1335; x_wconf 90' lang='lat' dir='ltr'><strong>quod</strong></span> <span class='ocrx_word' id='word_1_59' title='bbox 1773 1264 1976 1316; x_wconf 86' lang='lat' dir='ltr'><strong>mors</strong></span> <span class='ocrx_word' id='word_1_60' title='bbox 2010 1242 2272 1316; x_wconf 87' lang='lat' dir='ltr'><strong>Christi</strong></span> <span class='ocrx_word' id='word_1_61' title='bbox 2308 1244 2440 1317; x_wconf 85' lang='lat' dir='ltr'><strong>suit</strong></span> <span class='ocrx_word' id='word_1_62' title='bbox 2463 1245 2663 1339; x_wconf 91' lang='lat' dir='ltr'><strong>justa</strong></span> <span class='ocrx_word' id='word_1_63' title='bbox 2707 1250 2787 1318; x_wconf 91' lang='lat' dir='ltr'><strong>et</strong></span> <span class='ocrx_word' id='word_1_64' title='bbox 2820 1242 3086 1316; x_wconf 89' lang='lat' dir='ltr'><strong>iniusta</strong></span> <span class='ocrx_word' id='word_1_65' title='bbox 3117 1240 3356 1315; x_wconf 84' lang='lat' dir='ltr'><strong>diversis</strong></span> 
     </span>
     <span class='ocr_line' id='line_1_8' title="bbox 1078 1361 3358 1458; baseline 0 -24"><span class='ocrx_word' id='word_1_66' title='bbox 1078 1362 1549 1457; x_wconf 88' lang='lat' dir='ltr'><strong>respectibus.</strong></span> <span class='ocrx_word' id='word_1_67' title='bbox 1579 1361 1758 1435; x_wconf 86' lang='lat' dir='ltr'><strong>Dicit</strong></span> <span class='ocrx_word' id='word_1_68' title='bbox 1795 1382 2015 1458; x_wconf 89' lang='lat' dir='ltr'><strong>ergo:</strong></span> <span class='ocrx_word' id='word_1_69' title='bbox 2041 1368 2336 1454; x_wconf 81' lang='lat' dir='ltr'><strong>Dunque</strong></span> <span class='ocrx_word' id='word_1_70' title='bbox 2369 1367 2590 1454; x_wconf 83' lang='lat' dir='ltr'><strong>nulla,</strong></span> <span class='ocrx_word' id='word_1_71' title='bbox 2622 1364 2903 1438; x_wconf 90' lang='lat' dir='ltr'><strong>scilicet</strong></span> <span class='ocrx_word' id='word_1_72' title='bbox 2929 1382 3160 1458; x_wconf 88' lang='lat' dir='ltr'><strong>poena,</strong></span> <span class='ocrx_word' id='word_1_73' title='bbox 3182 1363 3358 1450; x_wconf 68' lang='lat' dir='ltr'><strong>ymm-</strong></span> 
     </span>
     <span class='ocr_line' id='line_1_9' title="bbox 1072 1476 3359 1578; baseline -0.002 -24"><span class='ocrx_word' id='word_1_74' title='bbox 1072 1485 1219 1554; x_wconf 81' lang='lat' dir='ltr'><strong>mai</strong></span> <span class='ocrx_word' id='word_1_75' title='bbox 1266 1502 1522 1574; x_wconf 80' lang='lat' dir='ltr'><strong>morse,</strong></span> <span class='ocrx_word' id='word_1_76' title='bbox 1559 1481 1764 1574; x_wconf 91' lang='lat' dir='ltr'><strong>idest,</strong></span> <span class='ocrx_word' id='word_1_77' title='bbox 1801 1481 2082 1576; x_wconf 86' lang='lat' dir='ltr'><strong>punivit</strong></span> <span class='ocrx_word' id='word_1_78' title='bbox 2121 1483 2466 1578; x_wconf 83' lang='lat' dir='ltr'><strong>aliquem,</strong></span> <span class='ocrx_word' id='word_1_79' title='bbox 2501 1476 2562 1556; x_wconf 70' lang='grc' dir='ltr'><strong>εὶ</strong></span> <span class='ocrx_word' id='word_1_80' title='bbox 2595 1487 2668 1557; x_wconf 86' lang='lat' dir='ltr'><strong>la</strong></span> <span class='ocrx_word' id='word_1_81' title='bbox 2702 1505 2897 1576; x_wconf 81' lang='lat' dir='ltr'><strong>pena</strong></span> <span class='ocrx_word' id='word_1_82' title='bbox 2933 1486 3056 1558; x_wconf 73' lang='lat' dir='ltr'><strong>che</strong></span> <span class='ocrx_word' id='word_1_83' title='bbox 3102 1484 3169 1554; x_wconf 86' lang='lat' dir='ltr'><strong>la</strong></span> <span class='ocrx_word' id='word_1_84' title='bbox 3209 1498 3359 1551; x_wconf 73' lang='lat' dir='ltr'><strong>croco</strong></span> 
     </span>
     <span class='ocr_line' id='line_1_10' title="bbox 1064 1600 3359 1697; baseline -0.001 -24"><span class='ocrx_word' id='word_1_85' title='bbox 1064 1621 1306 1694; x_wconf 84' lang='lat' dir='ltr'><strong>porse,</strong></span> <span class='ocrx_word' id='word_1_86' title='bbox 1358 1601 1651 1695; x_wconf 88' lang='lat' dir='ltr'><strong>scilicet,</strong></span> <span class='ocrx_word' id='word_1_87' title='bbox 1704 1600 2011 1694; x_wconf 90' lang='lat' dir='ltr'><strong>Christo,</strong></span> <span class='ocrx_word' id='word_1_88' title='bbox 2050 1623 2199 1696; x_wconf 88' lang='lat' dir='ltr'><strong>qua</strong></span> <span class='ocrx_word' id='word_1_89' title='bbox 2251 1602 2449 1676; x_wconf 91' lang='lat' dir='ltr'><strong>nulla</strong></span> <span class='ocrx_word' id='word_1_90' title='bbox 2494 1603 2627 1676; x_wconf 84' lang='lat' dir='ltr'><strong>fuit</strong></span> <span class='ocrx_word' id='word_1_91' title='bbox 2661 1604 2905 1678; x_wconf 91' lang='lat' dir='ltr'><strong>maior</strong></span> <span class='ocrx_word' id='word_1_92' title='bbox 2956 1602 3048 1676; x_wconf 92' lang='lat' dir='ltr'><strong>ad</strong></span> <span class='ocrx_word' id='word_1_93' title='bbox 3100 1619 3359 1697; x_wconf 84' lang='lat' dir='ltr'><strong>purgan-</strong></span> 
     </span>
     <span class='ocr_line' id='line_1_11' title="bbox 1070 1720 3358 1817; baseline -0.003 -22"><span class='ocrx_word' id='word_1_94' title='bbox 1070 1720 1241 1795; x_wconf 86' lang='lat' dir='ltr'><strong>dam</strong></span> <span class='ocrx_word' id='word_1_95' title='bbox 1297 1721 1697 1795; x_wconf 82' lang='lat' dir='ltr'><strong>maximam</strong></span> <span class='ocrx_word' id='word_1_96' title='bbox 1751 1721 2068 1815; x_wconf 91' lang='lat' dir='ltr'><strong>culpam,</strong></span> <span class='ocrx_word' id='word_1_97' title='bbox 2120 1743 2194 1795; x_wconf 84' lang='lat' dir='ltr'><strong>se</strong></span> <span class='ocrx_word' id='word_1_98' title='bbox 2242 1726 2306 1795; x_wconf 79' lang='lat' dir='ltr'><strong>si</strong></span> <span class='ocrx_word' id='word_1_99' title='bbox 2353 1726 2648 1814; x_wconf 80' lang='lat' dir='ltr'><strong>misura,</strong></span> <span class='ocrx_word' id='word_1_100' title='bbox 2692 1724 2903 1817; x_wconf 87' lang='lat' dir='ltr'><strong>idest,</strong></span> <span class='ocrx_word' id='word_1_101' title='bbox 2941 1723 2999 1796; x_wconf 90' lang='lat' dir='ltr'><strong>si</strong></span> <span class='ocrx_word' id='word_1_102' title='bbox 3035 1720 3358 1806; x_wconf 82' lang='lat' dir='ltr'><strong>reseratur,</strong></span> 
     </span>
     <span class='ocr_line' id='line_1_12' title="bbox 1072 1839 3360 1937; baseline -0.002 -24"><span class='ocrx_word' id='word_1_103' title='bbox 1072 1844 1219 1914; x_wconf 85' lang='lat' dir='ltr'><strong>alla</strong></span> <span class='ocrx_word' id='word_1_104' title='bbox 1267 1848 1531 1915; x_wconf 79' lang='lat' dir='ltr'><strong>natura</strong></span> <span class='ocrx_word' id='word_1_105' title='bbox 1583 1850 1899 1935; x_wconf 67' lang='lat' dir='ltr'><strong>assumta,</strong></span> <span class='ocrx_word' id='word_1_106' title='bbox 1958 1842 2249 1935; x_wconf 88' lang='lat' dir='ltr'><strong>scilicet,</strong></span> <span class='ocrx_word' id='word_1_107' title='bbox 2315 1844 2742 1936; x_wconf 85' lang='lat' dir='ltr'><strong>humanam,</strong></span> <span class='ocrx_word' id='word_1_108' title='bbox 2813 1864 3039 1937; x_wconf 88' lang='lat' dir='ltr'><strong>quam</strong></span> <span class='ocrx_word' id='word_1_109' title='bbox 3097 1839 3360 1915; x_wconf 86' lang='lat' dir='ltr'><strong>Christus</strong></span> 
     </span>
     <span class='ocr_line' id='line_1_13' title="bbox 1070 1955 3358 2058; baseline -0.002 -23"><span class='ocrx_word' id='word_1_110' title='bbox 1070 1962 1464 2055; x_wconf 85' lang='lat' dir='ltr'><strong>assumpsit</strong></span> <span class='ocrx_word' id='word_1_111' title='bbox 1498 1967 1581 2034; x_wconf 92' lang='lat' dir='ltr'><strong>ut</strong></span> <span class='ocrx_word' id='word_1_112' title='bbox 1632 1961 2063 2055; x_wconf 81' lang='lat' dir='ltr'><strong>redimeret3</strong></span> <span class='ocrx_word' id='word_1_113' title='bbox 2118 1984 2156 2034; x_wconf 84' lang='lat' dir='ltr'><strong>e</strong></span> <span class='ocrx_word' id='word_1_114' title='bbox 2202 1955 2346 2035; x_wconf 64' lang='lat' dir='ltr'><strong>cosi</strong></span> <span class='ocrx_word' id='word_1_115' title='bbox 2384 1966 2605 2056; x_wconf 79' lang='lat' dir='ltr'><strong>nulla,</strong></span> <span class='ocrx_word' id='word_1_116' title='bbox 2656 1964 2874 2058; x_wconf 91' lang='lat' dir='ltr'><strong>idest,</strong></span> <span class='ocrx_word' id='word_1_117' title='bbox 2926 1965 3025 2038; x_wconf 93' lang='lat' dir='ltr'><strong>ita</strong></span> <span class='ocrx_word' id='word_1_118' title='bbox 3076 1983 3119 2036; x_wconf 93' lang='lat' dir='ltr'><strong>e</strong></span> <span class='ocrx_word' id='word_1_119' title='bbox 3162 1964 3358 2034; x_wconf 77' lang='lat' dir='ltr'><strong>contra</strong></span> 
     </span>
     <span class='ocr_line' id='line_1_14' title="bbox 1075 2079 3353 2177; baseline -0 -25"><span class='ocrx_word' id='word_1_120' title='bbox 1075 2080 1274 2153; x_wconf 90' lang='lat' dir='ltr'><strong>nulla</strong></span> <span class='ocrx_word' id='word_1_121' title='bbox 1319 2100 1559 2174; x_wconf 88' lang='lat' dir='ltr'><strong>poena,</strong></span> <span class='ocrx_word' id='word_1_122' title='bbox 1588 2084 1669 2172; x_wconf 82' lang='lat' dir='ltr'><strong>fu</strong></span> <span class='ocrx_word' id='word_1_123' title='bbox 1704 2084 1779 2154; x_wconf 83' lang='lat' dir='ltr'><strong>di</strong></span> <span class='ocrx_word' id='word_1_124' title='bbox 1810 2089 2008 2154; x_wconf 80' lang='lat' dir='ltr'><strong>lanta</strong></span> <span class='ocrx_word' id='word_1_125' title='bbox 2039 2085 2351 2173; x_wconf 67' lang='lat' dir='ltr'><strong>mmm-a,</strong></span> <span class='ocrx_word' id='word_1_126' title='bbox 2389 2082 2568 2157; x_wconf 85' lang='lat' dir='ltr'><strong>idest</strong></span> <span class='ocrx_word' id='word_1_127' title='bbox 2618 2083 2929 2177; x_wconf 83' lang='lat' dir='ltr'><strong>offensa,</strong></span> <span class='ocrx_word' id='word_1_128' title='bbox 2963 2079 3353 2175; x_wconf 66' lang='lat' dir='ltr'><strong>quarelam,</strong></span> 
     </span>
     <span class='ocr_line' id='line_1_15' title="bbox 1074 2197 3357 2296; baseline 0 -26"><span class='ocrx_word' id='word_1_129' title='bbox 1074 2197 1281 2291; x_wconf 89' lang='lat' dir='ltr'><strong>idest,</strong></span> <span class='ocrx_word' id='word_1_130' title='bbox 1335 2205 1749 2292; x_wconf 89' lang='lat' dir='ltr'><strong>respectum</strong></span> <span class='ocrx_word' id='word_1_131' title='bbox 1795 2199 2154 2295; x_wconf 89' lang='lat' dir='ltr'><strong>habendo,</strong></span> <span class='ocrx_word' id='word_1_132' title='bbox 2191 2205 2337 2275; x_wconf 87' lang='lat' dir='ltr'><strong>alla</strong></span> <span class='ocrx_word' id='word_1_133' title='bbox 2362 2224 2675 2295; x_wconf 81' lang='lat' dir='ltr'><strong>persona</strong></span> <span class='ocrx_word' id='word_1_134' title='bbox 2706 2208 2831 2277; x_wconf 75' lang='lat' dir='ltr'><strong>che</strong></span> <span class='ocrx_word' id='word_1_135' title='bbox 2862 2209 3172 2296; x_wconf 73' lang='lat' dir='ltr'><strong>sofferse,</strong></span> <span class='ocrx_word' id='word_1_136' title='bbox 3207 2199 3357 2287; x_wconf 82' lang='lat' dir='ltr'><strong>idest,</strong></span> 
     </span>
     <span class='ocr_line' id='line_1_16' title="bbox 1073 2316 3358 2417; baseline 0 -25"><span class='ocrx_word' id='word_1_137' title='bbox 1073 2316 1167 2392; x_wconf 90' lang='lat' dir='ltr'><strong>ad</strong></span> <span class='ocrx_word' id='word_1_138' title='bbox 1219 2317 1587 2391; x_wconf 89' lang='lat' dir='ltr'><strong>Christum</strong></span> <span class='ocrx_word' id='word_1_139' title='bbox 1643 2319 1770 2412; x_wconf 89' lang='lat' dir='ltr'><strong>qui</strong></span> <span class='ocrx_word' id='word_1_140' title='bbox 1822 2339 2079 2413; x_wconf 88' lang='lat' dir='ltr'><strong>passus</strong></span> <span class='ocrx_word' id='word_1_141' title='bbox 2129 2329 2238 2396; x_wconf 89' lang='lat' dir='ltr'><strong>est</strong></span> <span class='ocrx_word' id='word_1_142' title='bbox 2290 2323 2543 2417; x_wconf 88' lang='lat' dir='ltr'><strong>ipsam,</strong></span> <span class='ocrx_word' id='word_1_143' title='bbox 2592 2327 2663 2397; x_wconf 83' lang='lat' dir='ltr'><strong>in</strong></span> <span class='ocrx_word' id='word_1_144' title='bbox 2715 2329 2867 2417; x_wconf 74' lang='lat' dir='ltr'><strong>che,</strong></span> <span class='ocrx_word' id='word_1_145' title='bbox 2920 2324 3121 2416; x_wconf 86' lang='lat' dir='ltr'><strong>idest,</strong></span> <span class='ocrx_word' id='word_1_146' title='bbox 3155 2321 3217 2393; x_wconf 91' lang='lat' dir='ltr'><strong>in</strong></span> <span class='ocrx_word' id='word_1_147' title='bbox 3251 2334 3358 2410; x_wconf 77' lang='lat' dir='ltr'><strong>qua</strong></span> 
     </span>
     <span class='ocr_line' id='line_1_17' title="bbox 1073 2438 3354 2538; baseline -0.004 -26"><span class='ocrx_word' id='word_1_148' title='bbox 1073 2457 1385 2532; x_wconf 87' lang='lat' dir='ltr'><strong>persona</strong></span> <span class='ocrx_word' id='word_1_149' title='bbox 1420 2438 1705 2534; x_wconf 89' lang='lat' dir='ltr'><strong>Christi,</strong></span> <span class='ocrx_word' id='word_1_150' title='bbox 1740 2460 1869 2513; x_wconf 79' lang='lat' dir='ltr'><strong>era</strong></span> <span class='ocrx_word' id='word_1_151' title='bbox 1906 2449 2255 2516; x_wconf 80' lang='lat' dir='ltr'><strong>contracta</strong></span> <span class='ocrx_word' id='word_1_152' title='bbox 2297 2446 2400 2515; x_wconf 79' lang='lat' dir='ltr'><strong>{al</strong></span> <span class='ocrx_word' id='word_1_153' title='bbox 2422 2451 2711 2538; x_wconf 79' lang='lat' dir='ltr'><strong>natura,</strong></span> <span class='ocrx_word' id='word_1_154' title='bbox 2752 2445 3031 2520; x_wconf 89' lang='lat' dir='ltr'><strong>scilicet</strong></span> <span class='ocrx_word' id='word_1_155' title='bbox 3071 2445 3354 2516; x_wconf 83' lang='lat' dir='ltr'><strong>humana.</strong></span> 
     </span>
     <span class='ocr_line' id='line_1_18' title="bbox 1072 2552 3358 2658; baseline 0.003 -27"><span class='ocrx_word' id='word_1_156' title='bbox 1072 2557 1161 2631; x_wconf 92' lang='lat' dir='ltr'><strong>Et</strong></span> <span class='ocrx_word' id='word_1_157' title='bbox 1209 2558 1327 2632; x_wconf 89' lang='lat' dir='ltr'><strong>hic</strong></span> <span class='ocrx_word' id='word_1_158' title='bbox 1378 2564 1550 2633; x_wconf 89' lang='lat' dir='ltr'><strong>nota</strong></span> <span class='ocrx_word' id='word_1_159' title='bbox 1603 2560 1798 2653; x_wconf 91' lang='lat' dir='ltr'><strong>quod</strong></span> <span class='ocrx_word' id='word_1_160' title='bbox 1850 2560 2177 2634; x_wconf 87' lang='lat' dir='ltr'><strong>Christus</strong></span> <span class='ocrx_word' id='word_1_161' title='bbox 2227 2583 2484 2656; x_wconf 92' lang='lat' dir='ltr'><strong>passus</strong></span> <span class='ocrx_word' id='word_1_162' title='bbox 2535 2570 2645 2638; x_wconf 91' lang='lat' dir='ltr'><strong>est</strong></span> <span class='ocrx_word' id='word_1_163' title='bbox 2702 2565 3040 2658; x_wconf 87' lang='lat' dir='ltr'><strong>passione</strong></span> <span class='ocrx_word' id='word_1_164' title='bbox 3069 2552 3140 2653; x_wconf 79' lang='lat'><strong>(²)</strong></span> <span class='ocrx_word' id='word_1_165' title='bbox 3183 2572 3358 2653; x_wconf 72' lang='lat' dir='ltr'><strong>gene·</strong></span> 
     </span>
     <span class='ocr_line' id='line_1_19' title="bbox 1074 2669 3357 2770; baseline -0.003 -18"><span class='ocrx_word' id='word_1_166' title='bbox 1074 2679 1430 2754; x_wconf 88' lang='lat' dir='ltr'><strong>ralissima</strong></span> <span class='ocrx_word' id='word_1_167' title='bbox 1482 2701 1629 2754; x_wconf 92' lang='lat' dir='ltr'><strong>non</strong></span> <span class='ocrx_word' id='word_1_168' title='bbox 1680 2680 1917 2754; x_wconf 90' lang='lat' dir='ltr'><strong>solum</strong></span> <span class='ocrx_word' id='word_1_169' title='bbox 1973 2681 2377 2755; x_wconf 91' lang='lat' dir='ltr'><strong>secundum</strong></span> <span class='ocrx_word' id='word_1_170' title='bbox 2416 2683 2661 2756; x_wconf 91' lang='lat' dir='ltr'><strong>omnia</strong></span> <span class='ocrx_word' id='word_1_171' title='bbox 2705 2684 3045 2758; x_wconf 90' lang='lat' dir='ltr'><strong>membra</strong></span> <span class='ocrx_word' id='word_1_172' title='bbox 3091 2669 3357 2770; x_wconf 81' lang='lat' dir='ltr'><strong>corporis</strong></span> 
     </span>
     <span class='ocr_line' id='line_1_20' title="bbox 1071 2800 3356 2895; baseline 0.001 -23"><span class='ocrx_word' id='word_1_173' title='bbox 1071 2800 1514 2895; x_wconf 85' lang='lat' dir='ltr'><strong>principalia,</strong></span> <span class='ocrx_word' id='word_1_174' title='bbox 1567 2801 1694 2876; x_wconf 89' lang='lat' dir='ltr'><strong>sed</strong></span> <span class='ocrx_word' id='word_1_175' title='bbox 1745 2801 1966 2875; x_wconf 89' lang='lat' dir='ltr'><strong>etiam</strong></span> <span class='ocrx_word' id='word_1_176' title='bbox 2020 2803 2429 2876; x_wconf 88' lang='lat' dir='ltr'><strong>secundum</strong></span> <span class='ocrx_word' id='word_1_177' title='bbox 2482 2823 2780 2877; x_wconf 88' lang='lat' dir='ltr'><strong>omnem</strong></span> <span class='ocrx_word' id='word_1_178' title='bbox 2836 2803 3102 2879; x_wconf 86' lang='lat' dir='ltr'><strong>animae</strong></span> <span class='ocrx_word' id='word_1_179' title='bbox 3154 2801 3356 2892; x_wconf 76' lang='lat' dir='ltr'><strong>poten·</strong></span> 
     </span>
     <span class='ocr_line' id='line_1_21' title="bbox 1070 2919 3358 3016; baseline -0.003 -23"><span class='ocrx_word' id='word_1_180' title='bbox 1070 2919 1289 2994; x_wconf 89' lang='lat' dir='ltr'><strong>tiam:</strong></span> <span class='ocrx_word' id='word_1_181' title='bbox 1343 2920 1679 3016; x_wconf 89' lang='lat' dir='ltr'><strong>passione</strong></span> <span class='ocrx_word' id='word_1_182' title='bbox 1727 2920 2200 2996; x_wconf 90' lang='lat' dir='ltr'><strong>acerbissima</strong></span> <span class='ocrx_word' id='word_1_183' title='bbox 2252 2943 2396 2996; x_wconf 91' lang='lat' dir='ltr'><strong>non</strong></span> <span class='ocrx_word' id='word_1_184' title='bbox 2460 2922 2701 2997; x_wconf 90' lang='lat' dir='ltr'><strong>solum</strong></span> <span class='ocrx_word' id='word_1_185' title='bbox 2764 2921 3100 3013; x_wconf 88' lang='lat' dir='ltr'><strong>dolendo,</strong></span> <span class='ocrx_word' id='word_1_186' title='bbox 3151 2921 3224 2989; x_wconf 93' lang='lat' dir='ltr'><strong>ut</strong></span> <span class='ocrx_word' id='word_1_187' title='bbox 3261 2929 3358 3005; x_wconf 77' lang='lat' dir='ltr'><strong>pa·</strong></span> 
     </span>
     <span class='ocr_line' id='line_1_22' title="bbox 1068 3032 3357 3135; baseline 0 -24"><span class='ocrx_word' id='word_1_188' title='bbox 1068 3038 1256 3113; x_wconf 88' lang='lat' dir='ltr'><strong>tiens</strong></span> <span class='ocrx_word' id='word_1_189' title='bbox 1306 3059 1439 3135; x_wconf 90' lang='lat' dir='ltr'><strong>per</strong></span> <span class='ocrx_word' id='word_1_190' title='bbox 1488 3041 1822 3133; x_wconf 84' lang='lat' dir='ltr'><strong>vulnera,</strong></span> <span class='ocrx_word' id='word_1_191' title='bbox 1877 3039 2003 3114; x_wconf 90' lang='lat' dir='ltr'><strong>sed</strong></span> <span class='ocrx_word' id='word_1_192' title='bbox 2055 3040 2277 3114; x_wconf 90' lang='lat' dir='ltr'><strong>etiam</strong></span> <span class='ocrx_word' id='word_1_193' title='bbox 2330 3040 2781 3116; x_wconf 90' lang='lat' dir='ltr'><strong>condolendo</strong></span> <span class='ocrx_word' id='word_1_194' title='bbox 2838 3049 2921 3116; x_wconf 91' lang='lat' dir='ltr'><strong>ut</strong></span> <span class='ocrx_word' id='word_1_195' title='bbox 2971 3032 3357 3131; x_wconf 75' lang='lat' dir='ltr'><strong>compatiens</strong></span> 
     </span>
     <span class='ocr_line' id='line_1_23' title="bbox 1067 3154 3360 3257; baseline -0.001 -28"><span class='ocrx_word' id='word_1_196' title='bbox 1067 3163 1367 3251; x_wconf 90' lang='lat' dir='ltr'><strong>propter</strong></span> <span class='ocrx_word' id='word_1_197' title='bbox 1408 3165 1655 3231; x_wconf 89' lang='lat' dir='ltr'><strong>nostra</strong></span> <span class='ocrx_word' id='word_1_198' title='bbox 1692 3158 1989 3232; x_wconf 90' lang='lat' dir='ltr'><strong>delicta:</strong></span> <span class='ocrx_word' id='word_1_199' title='bbox 2027 3160 2359 3253; x_wconf 87' lang='lat' dir='ltr'><strong>passione</strong></span> <span class='ocrx_word' id='word_1_200' title='bbox 2393 3161 3077 3257; x_wconf 89' lang='lat' dir='ltr'><strong>ignominiosissima</strong></span> <span class='ocrx_word' id='word_1_201' title='bbox 3118 3154 3360 3251; x_wconf 76' lang='lat' dir='ltr'><strong>propter</strong></span> 
     </span>
     <span class='ocr_line' id='line_1_24' title="bbox 1068 3264 3359 3376; baseline 0 -28"><span class='ocrx_word' id='word_1_202' title='bbox 1068 3275 1479 3369; x_wconf 88' lang='lat' dir='ltr'><strong>patibulum</strong></span> <span class='ocrx_word' id='word_1_203' title='bbox 1548 3278 1788 3351; x_wconf 89' lang='lat' dir='ltr'><strong>crucis</strong></span> <span class='ocrx_word' id='word_1_204' title='bbox 1855 3278 2047 3352; x_wconf 92' lang='lat' dir='ltr'><strong>inter</strong></span> <span class='ocrx_word' id='word_1_205' title='bbox 2103 3279 2461 3354; x_wconf 90' lang='lat' dir='ltr'><strong>latrones:</strong></span> <span class='ocrx_word' id='word_1_206' title='bbox 2524 3281 2862 3375; x_wconf 86' lang='lat' dir='ltr'><strong>passione</strong></span> <span class='ocrx_word' id='word_1_207' title='bbox 2925 3264 3359 3376; x_wconf 55' lang='lat' dir='ltr'><strong>peremptorii¹</strong></span> 
     </span>
     <span class='ocr_line' id='line_1_25' title="bbox 1069 3397 3358 3495; baseline -0.001 -28"><span class='ocrx_word' id='word_1_208' title='bbox 1069 3401 1367 3489; x_wconf 89' lang='lat' dir='ltr'><strong>propter</strong></span> <span class='ocrx_word' id='word_1_209' title='bbox 1427 3397 1963 3491; x_wconf 89' lang='lat' dir='ltr'><strong>separationem</strong></span> <span class='ocrx_word' id='word_1_210' title='bbox 2027 3400 2294 3472; x_wconf 82' lang='lat' dir='ltr'><strong>animae</strong></span> <span class='ocrx_word' id='word_1_211' title='bbox 2366 3421 2410 3473; x_wconf 90' lang='lat' dir='ltr'><strong>a</strong></span> <span class='ocrx_word' id='word_1_212' title='bbox 2490 3420 2823 3495; x_wconf 87' lang='lat' dir='ltr'><strong>corpore,</strong></span> <span class='ocrx_word' id='word_1_213' title='bbox 2892 3401 3091 3475; x_wconf 89' lang='lat' dir='ltr'><strong>salva</strong></span> <span class='ocrx_word' id='word_1_214' title='bbox 3160 3402 3358 3465; x_wconf 81' lang='lat' dir='ltr'><strong>tamen</strong></span> 
     </span>
     <span class='ocr_line' id='line_1_26' title="bbox 1072 3503 3357 3609; baseline 0.001 -22"><span class='ocrx_word' id='word_1_215' title='bbox 1072 3515 1344 3591; x_wconf 91' lang='lat' dir='ltr'><strong>unione</strong></span> <span class='ocrx_word' id='word_1_216' title='bbox 1380 3517 1765 3609; x_wconf 89' lang='lat' dir='ltr'><strong>utriusque</strong></span> <span class='ocrx_word' id='word_1_217' title='bbox 1798 3539 1969 3592; x_wconf 90' lang='lat' dir='ltr'><strong>cum</strong></span> <span class='ocrx_word' id='word_1_218' title='bbox 2010 3503 2279 3594; x_wconf 88' lang='lat' dir='ltr'><strong>deitate</strong></span> <span class='ocrx_word' id='word_1_219' title='bbox 2299 3545 2316 3592; x_wconf 93' lang='lat'><strong>:</strong></span> <span class='ocrx_word' id='word_1_220' title='bbox 2347 3520 2536 3594; x_wconf 85' lang='lat' dir='ltr'><strong>filius</strong></span> <span class='ocrx_word' id='word_1_221' title='bbox 2570 3522 2765 3595; x_wconf 91' lang='lat' dir='ltr'><strong>enim</strong></span> <span class='ocrx_word' id='word_1_222' title='bbox 2805 3529 3143 3596; x_wconf 87' lang='lat' dir='ltr'><strong>naturam</strong></span> <span class='ocrx_word' id='word_1_223' title='bbox 3177 3522 3357 3605; x_wconf 86' lang='lat' dir='ltr'><strong>quam</strong></span> 
     </span>
     <span class='ocr_line' id='line_1_27' title="bbox 1067 3623 3356 3732; baseline -0.003 -21"><span class='ocrx_word' id='word_1_224' title='bbox 1067 3638 1298 3712; x_wconf 89' lang='lat' dir='ltr'><strong>semel</strong></span> <span class='ocrx_word' id='word_1_225' title='bbox 1348 3637 1739 3732; x_wconf 91' lang='lat' dir='ltr'><strong>assumpsit</strong></span> <span class='ocrx_word' id='word_1_226' title='bbox 1788 3659 2199 3732; x_wconf 89' lang='lat' dir='ltr'><strong>numquam</strong></span> <span class='ocrx_word' id='word_1_227' title='bbox 2253 3634 2902 3716; x_wconf 66' lang='lat' dir='ltr'><strong>dimisit—Pero.</strong></span> <span class='ocrx_word' id='word_1_228' title='bbox 2958 3639 3082 3713; x_wconf 88' lang='lat' dir='ltr'><strong>Hic</strong></span> <span class='ocrx_word' id='word_1_229' title='bbox 3113 3623 3356 3707; x_wconf 73' lang='lat' dir='ltr'><strong>Beatrix</strong></span> 
     </span>
     <span class='ocr_line' id='line_1_28' title="bbox 1066 3737 3356 3855; baseline -0.002 -24"><span class='ocrx_word' id='word_1_230' title='bbox 1066 3776 1160 3831; x_wconf 84' lang='lat' dir='ltr'><strong>ex</strong></span> <span class='ocrx_word' id='word_1_231' title='bbox 1212 3756 1419 3832; x_wconf 88' lang='lat' dir='ltr'><strong>dictis</strong></span> <span class='ocrx_word' id='word_1_232' title='bbox 1468 3757 1658 3833; x_wconf 89' lang='lat' dir='ltr'><strong>elicit</strong></span> <span class='ocrx_word' id='word_1_233' title='bbox 1711 3779 1934 3831; x_wconf 91' lang='lat' dir='ltr'><strong>unam</strong></span> <span class='ocrx_word' id='word_1_234' title='bbox 1981 3759 2373 3834; x_wconf 89' lang='lat' dir='ltr'><strong>notabilem</strong></span> <span class='ocrx_word' id='word_1_235' title='bbox 2411 3762 2873 3855; x_wconf 90' lang='lat' dir='ltr'><strong>sententiam,</strong></span> <span class='ocrx_word' id='word_1_236' title='bbox 2912 3759 3173 3836; x_wconf 84' lang='lat' dir='ltr'><strong>scilicet</strong></span> <span class='ocrx_word' id='word_1_237' title='bbox 3201 3737 3356 3842; x_wconf 83' lang='lat' dir='ltr'><strong>quod</strong></span> 
     </span>
     <span class='ocr_line' id='line_1_29' title="bbox 1066 3859 3358 3974; baseline -0.003 -25"><span class='ocrx_word' id='word_1_238' title='bbox 1066 3898 1261 3951; x_wconf 89' lang='lat' dir='ltr'><strong>unus</strong></span> <span class='ocrx_word' id='word_1_239' title='bbox 1312 3884 1384 3953; x_wconf 92' lang='lat' dir='ltr'><strong>et</strong></span> <span class='ocrx_word' id='word_1_240' title='bbox 1436 3878 1628 3957; x_wconf 90' lang='lat' dir='ltr'><strong>idem</strong></span> <span class='ocrx_word' id='word_1_241' title='bbox 1684 3886 1894 3953; x_wconf 89' lang='lat' dir='ltr'><strong>actus</strong></span> <span class='ocrx_word' id='word_1_242' title='bbox 1927 3885 2163 3974; x_wconf 91' lang='lat' dir='ltr'><strong>potest</strong></span> <span class='ocrx_word' id='word_1_243' title='bbox 2213 3900 2372 3955; x_wconf 91' lang='lat' dir='ltr'><strong>esse</strong></span> <span class='ocrx_word' id='word_1_244' title='bbox 2422 3881 2659 3955; x_wconf 92' lang='lat' dir='ltr'><strong>bonus</strong></span> <span class='ocrx_word' id='word_1_245' title='bbox 2709 3887 2781 3955; x_wconf 92' lang='lat' dir='ltr'><strong>et</strong></span> <span class='ocrx_word' id='word_1_246' title='bbox 2834 3882 3070 3956; x_wconf 87' lang='lat' dir='ltr'><strong>malus</strong></span> <span class='ocrx_word' id='word_1_247' title='bbox 3107 3859 3358 3949; x_wconf 83' lang='lat' dir='ltr'><strong>diversi-</strong></span> 
     </span>
     <span class='ocr_line' id='line_1_30' title="bbox 1065 3996 3352 4099; baseline -0.002 -27"><span class='ocrx_word' id='word_1_248' title='bbox 1065 3998 1303 4074; x_wconf 89' lang='lat' dir='ltr'><strong>mode.</strong></span> <span class='ocrx_word' id='word_1_249' title='bbox 1341 3999 1431 4072; x_wconf 90' lang='lat' dir='ltr'><strong>Et</strong></span> <span class='ocrx_word' id='word_1_250' title='bbox 1462 4000 1555 4074; x_wconf 90' lang='lat' dir='ltr'><strong>ad</strong></span> <span class='ocrx_word' id='word_1_251' title='bbox 1591 4000 1809 4074; x_wconf 89' lang='lat' dir='ltr'><strong>huius</strong></span> <span class='ocrx_word' id='word_1_252' title='bbox 1845 4001 2076 4075; x_wconf 83' lang='lat' dir='ltr'><strong>literae</strong></span> <span class='ocrx_word' id='word_1_253' title='bbox 2111 4001 2364 4075; x_wconf 91' lang='lat' dir='ltr'><strong>utilem</strong></span> <span class='ocrx_word' id='word_1_254' title='bbox 2402 4001 2948 4099; x_wconf 85' lang='lat' dir='ltr'><strong>intelligentiam</strong></span> <span class='ocrx_word' id='word_1_255' title='bbox 2987 4005 3094 4074; x_wconf 90' lang='lat' dir='ltr'><strong>est</strong></span> <span class='ocrx_word' id='word_1_256' title='bbox 3123 3996 3352 4067; x_wconf 78' lang='lat' dir='ltr'><strong>bonum</strong></span> 
     </span>
     <span class='ocr_line' id='line_1_31' title="bbox 1066 4104 3357 4215; baseline -0.001 -24"><span class='ocrx_word' id='word_1_257' title='bbox 1066 4125 1326 4192; x_wconf 87' lang='lat' dir='ltr'><strong>notare</strong></span> <span class='ocrx_word' id='word_1_258' title='bbox 1376 4120 1573 4213; x_wconf 87' lang='lat' dir='ltr'><strong>quod</strong></span> <span class='ocrx_word' id='word_1_259' title='bbox 1628 4109 1971 4214; x_wconf 84' lang='lat' dir='ltr'><strong>quamvis</strong></span> <span class='ocrx_word' id='word_1_260' title='bbox 2012 4121 2248 4215; x_wconf 91' lang='lat' dir='ltr'><strong>passio</strong></span> <span class='ocrx_word' id='word_1_261' title='bbox 2282 4121 2543 4195; x_wconf 91' lang='lat' dir='ltr'><strong>Christi</strong></span> <span class='ocrx_word' id='word_1_262' title='bbox 2585 4124 2778 4197; x_wconf 91' lang='lat' dir='ltr'><strong>bona</strong></span> <span class='ocrx_word' id='word_1_263' title='bbox 2814 4123 3033 4200; x_wconf 84' lang='lat' dir='ltr'><strong>suerit</strong></span> <span class='ocrx_word' id='word_1_264' title='bbox 3081 4117 3148 4189; x_wconf 91' lang='lat' dir='ltr'><strong>in</strong></span> <span class='ocrx_word' id='word_1_265' title='bbox 3192 4127 3261 4183; x_wconf 76' lang='lat' dir='ltr'><strong>se</strong></span> <span class='ocrx_word' id='word_1_266' title='bbox 3301 4104 3357 4174; x_wconf 77' lang='grc' dir='ltr'><strong>θῑ</strong></span> 
     </span>
     <span class='ocr_line' id='line_1_32' title="bbox 1063 4215 3354 4337; baseline 0 -27"><span class='ocrx_word' id='word_1_267' title='bbox 1063 4236 1541 4332; x_wconf 85' lang='lat' dir='ltr'><strong>sanctissima,</strong></span> <span class='ocrx_word' id='word_1_268' title='bbox 1591 4246 1668 4314; x_wconf 91' lang='lat' dir='ltr'><strong>et</strong></span> <span class='ocrx_word' id='word_1_269' title='bbox 1718 4242 2045 4315; x_wconf 91' lang='lat' dir='ltr'><strong>humano</strong></span> <span class='ocrx_word' id='word_1_270' title='bbox 2108 4241 2364 4336; x_wconf 83' lang='lat' dir='ltr'><strong>generi</strong></span> <span class='ocrx_word' id='word_1_271' title='bbox 2424 4241 2825 4337; x_wconf 82' lang='lat' dir='ltr'><strong>fructuosa,</strong></span> <span class='ocrx_word' id='word_1_272' title='bbox 2889 4251 3127 4318; x_wconf 90' lang='lat' dir='ltr'><strong>tamen</strong></span> <span class='ocrx_word' id='word_1_273' title='bbox 3170 4215 3354 4327; x_wconf 75' lang='lat' dir='ltr'><strong>judaei</strong></span> 
     </span>
    </p>
   </div>
   <div class='ocr_carea' id='block_1_3' title="bbox 1066 4347 3353 4459">
    <p class='ocr_par' dir='ltr' id='par_1_3' title="bbox 1066 4347 3353 4459">
     <span class='ocr_line' id='line_1_33' title="bbox 1066 4347 3353 4459; baseline 0.003 -32"><span class='ocrx_word' id='word_1_274' title='bbox 1066 4375 1214 4429; x_wconf 93' lang='lat' dir='ltr'><strong>non</strong></span> <span class='ocrx_word' id='word_1_275' title='bbox 1264 4358 1802 4435; x_wconf 87' lang='lat' dir='ltr'><strong>constituerunt</strong></span> <span class='ocrx_word' id='word_1_276' title='bbox 1852 4381 2017 4435; x_wconf 91' lang='lat' dir='ltr'><strong>eam</strong></span> <span class='ocrx_word' id='word_1_277' title='bbox 2048 4352 2122 4453; x_wconf 80' lang='lat'><strong>(³)</strong></span> <span class='ocrx_word' id='word_1_278' title='bbox 2163 4361 2382 4436; x_wconf 86' lang='lat' dir='ltr'><strong>finem</strong></span> <span class='ocrx_word' id='word_1_279' title='bbox 2420 4383 2575 4436; x_wconf 82' lang='lat' dir='ltr'><strong>suae</strong></span> <span class='ocrx_word' id='word_1_280' title='bbox 2609 4364 2914 4439; x_wconf 85' lang='lat' dir='ltr'><strong>actionis</strong></span> <span class='ocrx_word' id='word_1_281' title='bbox 2948 4362 3222 4459; x_wconf 79' lang='lat' dir='ltr'><strong>propter</strong></span> <span class='ocrx_word' id='word_1_282' title='bbox 3248 4347 3353 4418; x_wconf 68' lang='grc' dir='ltr'><strong>Μ·</strong></span> 
     </span>
    </p>
   </div>
   <div class='ocr_carea' id='block_1_4' title="bbox 1189 4540 3211 4682">
    <p class='ocr_par' dir='ltr' id='par_1_4' title="bbox 1189 4540 3211 4682">
     <span class='ocr_line' id='line_1_34' title="bbox 1189 4540 3211 4613; baseline -0.015 -19"><span class='ocrx_word' id='word_1_283' title='bbox 1189 4540 1247 4605; x_wconf 88' lang='lat'><strong>(¹)</strong></span> <span class='ocrx_word' id='word_1_284' title='bbox 1277 4542 1340 4592; x_wconf 88' lang='grc' dir='ltr'><strong>Ε.</strong></span> <span class='ocrx_word' id='word_1_285' title='bbox 1374 4542 1557 4594; x_wconf 80' lang='lat' dir='ltr'><strong>cecidit</strong></span> <span class='ocrx_word' id='word_1_286' title='bbox 1590 4545 1642 4594; x_wconf 87' lang='lat' dir='ltr'><strong>in</strong></span> <span class='ocrx_word' id='word_1_287' title='bbox 1676 4544 1968 4595; x_wconf 71' lang='lat' dir='ltr'><strong>salsitatem.</strong></span> <span class='ocrx_word' id='word_1_288' title='bbox 2289 4547 2344 4610; x_wconf 67' lang='grc' dir='ltr'><strong>ρ)</strong></span> <span class='ocrx_word' id='word_1_289' title='bbox 2378 4552 2424 4608; x_wconf 68' lang='lat'><strong>⁴,</strong></span> <span class='ocrx_word' id='word_1_290' title='bbox 2459 4550 2743 4610; x_wconf 58' lang='lat' dir='ltr'><strong>monem</strong></span> <span class='ocrx_word' id='word_1_291' title='bbox 2777 4545 3211 4613; x_wconf 51' lang='lat' dir='ltr'><strong>genenlmimm,</strong></span> 
     </span>
     <span class='ocr_line' id='line_1_35' title="bbox 1190 4616 1790 4682; baseline -0.02 0"><span class='ocrx_word' id='word_1_292' title='bbox 1190 4616 1245 4682; x_wconf 82' lang='lat'><strong>(⁸)</strong></span> <span class='ocrx_word' id='word_1_293' title='bbox 1276 4617 1339 4668; x_wconf 80' lang='lat' dir='ltr'><strong>B.</strong></span> <span class='ocrx_word' id='word_1_294' title='bbox 1370 4630 1486 4669; x_wconf 73' lang='lat' dir='ltr'><strong>eam</strong></span> <span class='ocrx_word' id='word_1_295' title='bbox 1521 4620 1586 4671; x_wconf 71' lang='grc' dir='ltr'><strong>ιιι</strong></span> <span class='ocrx_word' id='word_1_296' title='bbox 1617 4620 1790 4671; x_wconf 78' lang='lat' dir='ltr'><strong>finem.</strong></span> 
     </span>
    </p>
   </div>
  </div>
 </body>
</html>
