<?xml version="1.0" encoding="UTF-8"?>
<!DOCTYPE html PUBLIC "-//W3C//DTD XHTML 1.0 Transitional//EN"
    "http://www.w3.org/TR/xhtml1/DTD/xhtml1-transitional.dtd">
<html xmlns="http://www.w3.org/1999/xhtml" xml:lang="en" lang="en">
 <head>
  <title>
</title>
<meta http-equiv="Content-Type" content="text/html;charset=utf-8" />
  <meta name='ocr-system' content='tesseract 3.04.00' />
  <meta name='ocr-capabilities' content='ocr_page ocr_carea ocr_par ocr_line ocrx_word'/>
</head>
<body>
  <div class='ocr_page' id='page_1' title='image "benevenutideram02lacagoog_0479.png"; bbox 0 0 3734 5567; ppageno 0'>
   <div class='ocr_carea' id='block_1_1' title="bbox 1296 486 2820 554">
    <p class='ocr_par' dir='ltr' id='par_1_1' title="bbox 1296 486 2820 554">
     <span class='ocr_line' id='line_1_1' title="bbox 1296 486 2820 554; baseline -0.001 -3"><span class='ocrx_word' id='word_1_1' title='bbox 1296 496 1572 554; x_wconf 74' lang='lat' dir='ltr'><strong>cAN&#39;rus</strong></span> <span class='ocrx_word' id='word_1_2' title='bbox 1621 497 1984 552; x_wconf 76' lang='lat' dir='ltr'><strong>SEPTmsz.</strong></span> <span class='ocrx_word' id='word_1_3' title='bbox 2680 486 2820 551; x_wconf 79' lang='grc'><strong>469</strong></span> 
     </span>
    </p>
   </div>
   <div class='ocr_carea' id='block_1_2' title="bbox 472 639 2831 4451">
    <p class='ocr_par' dir='ltr' id='par_1_2' title="bbox 472 639 2831 4451">
     <span class='ocr_line' id='line_1_2' title="bbox 478 639 2818 737; baseline -0.001 -22"><span class='ocrx_word' id='word_1_4' title='bbox 478 663 647 715; x_wconf 91' lang='lat' dir='ltr'><strong>rum</strong></span> <span class='ocrx_word' id='word_1_5' title='bbox 704 641 1177 737; x_wconf 79' lang='lat' dir='ltr'>multiplicem</span> <span class='ocrx_word' id='word_1_6' title='bbox 1230 642 1750 716; x_wconf 82' lang='lat' dir='ltr'><strong>abundantiam</strong></span> <span class='ocrx_word' id='word_1_7' title='bbox 1806 648 1880 715; x_wconf 89' lang='lat' dir='ltr'><strong>et</strong></span> <span class='ocrx_word' id='word_1_8' title='bbox 1930 640 2358 716; x_wconf 85' lang='lat' dir='ltr'><strong>latissimam</strong></span> <span class='ocrx_word' id='word_1_9' title='bbox 2411 639 2818 714; x_wconf 86' lang='lat' dir='ltr'><strong>doctrinam</strong></span> 
     </span>
     <span class='ocr_line' id='line_1_3' title="bbox 477 760 2818 857; baseline -0.001 -21"><span class='ocrx_word' id='word_1_10' title='bbox 477 762 631 836; x_wconf 86' lang='lat' dir='ltr'><strong>sine</strong></span> <span class='ocrx_word' id='word_1_11' title='bbox 693 763 840 836; x_wconf 91' lang='lat' dir='ltr'><strong>ullo</strong></span> <span class='ocrx_word' id='word_1_12' title='bbox 904 782 1162 837; x_wconf 90' lang='lat' dir='ltr'><strong>errore</strong></span> <span class='ocrx_word' id='word_1_13' title='bbox 1212 763 1762 857; x_wconf 90' lang='lat' dir='ltr'><strong>comprehendit</strong></span> <span class='ocrx_word' id='word_1_14' title='bbox 1823 768 1899 836; x_wconf 91' lang='lat' dir='ltr'><strong>et</strong></span> <span class='ocrx_word' id='word_1_15' title='bbox 1959 761 2115 835; x_wconf 86' lang='lat' dir='ltr'><strong>sine</strong></span> <span class='ocrx_word' id='word_1_16' title='bbox 2175 780 2434 835; x_wconf 89' lang='lat' dir='ltr'><strong>errore</strong></span> <span class='ocrx_word' id='word_1_17' title='bbox 2483 760 2818 854; x_wconf 85' lang='lat' dir='ltr'><strong>custodit,</strong></span> 
     </span>
     <span class='ocr_line' id='line_1_4' title="bbox 476 880 2819 977; baseline -0 -22"><span class='ocrx_word' id='word_1_18' title='bbox 476 881 687 955; x_wconf 91' lang='lat' dir='ltr'><strong>cuius</strong></span> <span class='ocrx_word' id='word_1_19' title='bbox 730 903 859 956; x_wconf 95' lang='lat' dir='ltr'><strong>cor</strong></span> <span class='ocrx_word' id='word_1_20' title='bbox 909 883 1207 977; x_wconf 91' lang='lat' dir='ltr'><strong>plenum</strong></span> <span class='ocrx_word' id='word_1_21' title='bbox 1261 890 1372 956; x_wconf 91' lang='lat' dir='ltr'><strong>est</strong></span> <span class='ocrx_word' id='word_1_22' title='bbox 1423 882 1760 976; x_wconf 82' lang='lat' dir='ltr'><strong>caritate3</strong></span> <span class='ocrx_word' id='word_1_23' title='bbox 1816 902 1952 955; x_wconf 91' lang='lat' dir='ltr'><strong>nec</strong></span> <span class='ocrx_word' id='word_1_24' title='bbox 2003 880 2320 955; x_wconf 88' lang='lat' dir='ltr'><strong>dubitari</strong></span> <span class='ocrx_word' id='word_1_25' title='bbox 2373 886 2608 974; x_wconf 92' lang='lat' dir='ltr'><strong>potest</strong></span> <span class='ocrx_word' id='word_1_26' title='bbox 2644 882 2819 973; x_wconf 90' lang='lat' dir='ltr'><strong>quin</strong></span> 
     </span>
     <span class='ocr_line' id='line_1_5' title="bbox 478 999 2824 1097; baseline -0 -22"><span class='ocrx_word' id='word_1_27' title='bbox 478 1004 833 1097; x_wconf 89' lang='lat' dir='ltr'><strong>templum</strong></span> <span class='ocrx_word' id='word_1_28' title='bbox 870 1002 1000 1076; x_wconf 90' lang='lat' dir='ltr'><strong>Dei</strong></span> <span class='ocrx_word' id='word_1_29' title='bbox 1035 1002 1125 1075; x_wconf 89' lang='lat' dir='ltr'><strong>sit</strong></span> <span class='ocrx_word' id='word_1_30' title='bbox 1159 1003 1382 1076; x_wconf 87' lang='lat' dir='ltr'><strong>homo</strong></span> <span class='ocrx_word' id='word_1_31' title='bbox 1436 1002 1507 1074; x_wconf 92' lang='lat' dir='ltr'><strong>in</strong></span> <span class='ocrx_word' id='word_1_32' title='bbox 1560 1023 1710 1096; x_wconf 89' lang='lat' dir='ltr'><strong>quo</strong></span> <span class='ocrx_word' id='word_1_33' title='bbox 1752 1001 2030 1074; x_wconf 87' lang='lat' dir='ltr'><strong>habitat</strong></span> <span class='ocrx_word' id='word_1_34' title='bbox 2063 1000 2349 1074; x_wconf 81' lang='lat' dir='ltr'><strong>caritaS.</strong></span> <span class='ocrx_word' id='word_1_35' title='bbox 2397 1000 2484 1073; x_wconf 88' lang='lat' dir='ltr'><strong>Et</strong></span> <span class='ocrx_word' id='word_1_36' title='bbox 2517 1000 2620 1073; x_wconf 91' lang='lat' dir='ltr'><strong>sic</strong></span> <span class='ocrx_word' id='word_1_37' title='bbox 2657 999 2824 1074; x_wconf 84' lang='lat' dir='ltr'><strong>vide</strong></span> 
     </span>
     <span class='ocr_line' id='line_1_6' title="bbox 481 1120 2824 1218; baseline -0 -23"><span class='ocrx_word' id='word_1_38' title='bbox 481 1122 678 1216; x_wconf 91' lang='lat' dir='ltr'><strong>quod</strong></span> <span class='ocrx_word' id='word_1_39' title='bbox 729 1123 945 1197; x_wconf 88' lang='lat' dir='ltr'><strong>tacite</strong></span> <span class='ocrx_word' id='word_1_40' title='bbox 995 1122 1239 1218; x_wconf 87' lang='lat' dir='ltr'><strong>arguit</strong></span> <span class='ocrx_word' id='word_1_41' title='bbox 1273 1129 1611 1196; x_wconf 90' lang='lat' dir='ltr'><strong>autorem</strong></span> <span class='ocrx_word' id='word_1_42' title='bbox 1651 1121 1779 1216; x_wconf 91' lang='lat' dir='ltr'><strong>qui</strong></span> <span class='ocrx_word' id='word_1_43' title='bbox 1813 1122 1907 1195; x_wconf 86' lang='lat' dir='ltr'><strong>ab</strong></span> <span class='ocrx_word' id='word_1_44' title='bbox 1951 1121 2151 1196; x_wconf 91' lang='lat' dir='ltr'><strong>initio</strong></span> <span class='ocrx_word' id='word_1_45' title='bbox 2187 1120 2387 1195; x_wconf 89' lang='lat' dir='ltr'><strong>visus</strong></span> <span class='ocrx_word' id='word_1_46' title='bbox 2423 1127 2532 1193; x_wconf 90' lang='lat' dir='ltr'><strong>est</strong></span> <span class='ocrx_word' id='word_1_47' title='bbox 2566 1140 2824 1194; x_wconf 89' lang='lat' dir='ltr'><strong>amare</strong></span> 
     </span>
     <span class='ocr_line' id='line_1_7' title="bbox 481 1240 2825 1337; baseline -0.002 -21"><span class='ocrx_word' id='word_1_48' title='bbox 481 1243 911 1336; x_wconf 86' lang='lat' dir='ltr'><strong>Beatricem,</strong></span> <span class='ocrx_word' id='word_1_49' title='bbox 954 1251 1204 1337; x_wconf 91' lang='lat' dir='ltr'><strong>postea</strong></span> <span class='ocrx_word' id='word_1_50' title='bbox 1256 1262 1422 1316; x_wconf 92' lang='lat' dir='ltr'><strong>eam</strong></span> <span class='ocrx_word' id='word_1_51' title='bbox 1476 1242 1798 1316; x_wconf 88' lang='lat' dir='ltr'><strong>deseruit</strong></span> <span class='ocrx_word' id='word_1_52' title='bbox 1849 1248 2147 1335; x_wconf 90' lang='lat' dir='ltr'><strong>propter</strong></span> <span class='ocrx_word' id='word_1_53' title='bbox 2204 1240 2538 1314; x_wconf 80' lang='lat' dir='ltr'><strong>scientias</strong></span> <span class='ocrx_word' id='word_1_54' title='bbox 2590 1261 2825 1314; x_wconf 85' lang='lat' dir='ltr'><strong>saecu-</strong></span> 
     </span>
     <span class='ocr_line' id='line_1_8' title="bbox 482 1360 2824 1454; baseline -0.001 -20"><span class='ocrx_word' id='word_1_55' title='bbox 482 1361 694 1454; x_wconf 82' lang='lat' dir='ltr'><strong>lareS,</strong></span> <span class='ocrx_word' id='word_1_56' title='bbox 730 1362 854 1436; x_wconf 92' lang='lat' dir='ltr'><strong>sed</strong></span> <span class='ocrx_word' id='word_1_57' title='bbox 908 1362 1203 1436; x_wconf 89' lang='lat' dir='ltr'><strong>tandem</strong></span> <span class='ocrx_word' id='word_1_58' title='bbox 1257 1369 1647 1436; x_wconf 89' lang='lat' dir='ltr'><strong>revocatus</strong></span> <span class='ocrx_word' id='word_1_59' title='bbox 1697 1366 1831 1454; x_wconf 87' lang='lat' dir='ltr'><strong>est,</strong></span> <span class='ocrx_word' id='word_1_60' title='bbox 1866 1360 2054 1434; x_wconf 88' lang='lat' dir='ltr'><strong>sicut</strong></span> <span class='ocrx_word' id='word_1_61' title='bbox 2105 1360 2366 1435; x_wconf 90' lang='lat' dir='ltr'><strong>totiens</strong></span> <span class='ocrx_word' id='word_1_62' title='bbox 2417 1367 2527 1434; x_wconf 85' lang='lat' dir='ltr'><strong>est</strong></span> <span class='ocrx_word' id='word_1_63' title='bbox 2576 1366 2824 1434; x_wconf 90' lang='lat' dir='ltr'><strong>osten-</strong></span> 
     </span>
     <span class='ocr_line' id='line_1_9' title="bbox 479 1479 2824 1576; baseline 0 -23"><span class='ocrx_word' id='word_1_64' title='bbox 479 1502 644 1553; x_wconf 91' lang='lat' dir='ltr'><strong>sum</strong></span> <span class='ocrx_word' id='word_1_65' title='bbox 699 1481 772 1553; x_wconf 92' lang='lat' dir='ltr'><strong>in</strong></span> <span class='ocrx_word' id='word_1_66' title='bbox 807 1480 951 1554; x_wconf 87' lang='lat' dir='ltr'><strong>fine</strong></span> <span class='ocrx_word' id='word_1_67' title='bbox 987 1482 1420 1576; x_wconf 84' lang='lat' dir='ltr'><strong>Purgatorii.</strong></span> <span class='ocrx_word' id='word_1_68' title='bbox 1459 1482 1545 1553; x_wconf 93' lang='lat' dir='ltr'><strong>Et</strong></span> <span class='ocrx_word' id='word_1_69' title='bbox 1581 1479 1934 1575; x_wconf 88' lang='lat' dir='ltr'><strong>promittit</strong></span> <span class='ocrx_word' id='word_1_70' title='bbox 1968 1479 2099 1553; x_wconf 88' lang='lat' dir='ltr'><strong>sibi</strong></span> <span class='ocrx_word' id='word_1_71' title='bbox 2135 1480 2573 1553; x_wconf 90' lang='lat' dir='ltr'><strong>solutionem</strong></span> <span class='ocrx_word' id='word_1_72' title='bbox 2618 1480 2824 1553; x_wconf 89' lang='lat' dir='ltr'><strong>istius</strong></span> 
     </span>
     <span class='ocr_line' id='line_1_10' title="bbox 479 1594 2822 1694; baseline -0.001 -20"><span class='ocrx_word' id='word_1_73' title='bbox 479 1600 700 1692; x_wconf 87' lang='lat' dir='ltr'><strong>dubii,</strong></span> <span class='ocrx_word' id='word_1_74' title='bbox 743 1601 1028 1675; x_wconf 88' lang='lat' dir='ltr'><strong>dicens:</strong></span> <span class='ocrx_word' id='word_1_75' title='bbox 1068 1609 1459 1674; x_wconf 81' lang='lat' dir='ltr'><strong>veramente</strong></span> <span class='ocrx_word' id='word_1_76' title='bbox 1506 1594 1669 1673; x_wconf 76' lang='lat' dir='ltr'><strong>diro</strong></span> <span class='ocrx_word' id='word_1_77' title='bbox 1714 1597 1972 1692; x_wconf 68' lang='lat' dir='ltr'><strong>perche*</strong></span> <span class='ocrx_word' id='word_1_78' title='bbox 2001 1603 2104 1673; x_wconf 80' lang='lat' dir='ltr'><strong>tal</strong></span> <span class='ocrx_word' id='word_1_79' title='bbox 2150 1603 2359 1673; x_wconf 83' lang='lat' dir='ltr'><strong>modo</strong></span> <span class='ocrx_word' id='word_1_80' title='bbox 2402 1605 2483 1694; x_wconf 82' lang='lat' dir='ltr'><strong>su</strong></span> <span class='ocrx_word' id='word_1_81' title='bbox 2529 1595 2650 1692; x_wconf 58' lang='lat' dir='ltr'><strong>pit}</strong></span> <span class='ocrx_word' id='word_1_82' title='bbox 2700 1602 2822 1672; x_wconf 84' lang='lat' dir='ltr'><strong>de-</strong></span> 
     </span>
     <span class='ocr_line' id='line_1_11' title="bbox 478 1714 2820 1817; baseline 0 -26"><span class='ocrx_word' id='word_1_83' title='bbox 478 1740 647 1812; x_wconf 67' lang='lat'>9²²0,</span> <span class='ocrx_word' id='word_1_84' title='bbox 705 1720 907 1813; x_wconf 92' lang='lat' dir='ltr'><strong>idest,</strong></span> <span class='ocrx_word' id='word_1_85' title='bbox 960 1721 1483 1817; x_wconf 85' lang='lat' dir='ltr'><strong>congruentior</strong></span> <span class='ocrx_word' id='word_1_86' title='bbox 1518 1721 1823 1814; x_wconf 81' lang='lat' dir='ltr'><strong>caeteriS,</strong></span> <span class='ocrx_word' id='word_1_87' title='bbox 1854 1714 2033 1814; x_wconf 75' lang='lat' dir='ltr'><strong>perd</strong></span> <span class='ocrx_word' id='word_1_88' title='bbox 2076 1724 2177 1793; x_wconf 76' lang='lat' dir='ltr'><strong>ck&#39;</strong></span> <span class='ocrx_word' id='word_1_89' title='bbox 2197 1742 2245 1793; x_wconf 86' lang='lat' dir='ltr'><strong>a</strong></span> <span class='ocrx_word' id='word_1_90' title='bbox 2296 1728 2528 1812; x_wconf 80' lang='lat' dir='ltr'><strong>questo</strong></span> <span class='ocrx_word' id='word_1_91' title='bbox 2577 1741 2820 1812; x_wconf 71' lang='lat' dir='ltr'><strong>scyno,</strong></span> 
     </span>
     <span class='ocr_line' id='line_1_12' title="bbox 483 1839 2821 1935; baseline 0 -23"><span class='ocrx_word' id='word_1_92' title='bbox 483 1839 684 1932; x_wconf 90' lang='lat' dir='ltr'><strong>idest,</strong></span> <span class='ocrx_word' id='word_1_93' title='bbox 738 1840 829 1913; x_wconf 89' lang='lat' dir='ltr'><strong>ad</strong></span> <span class='ocrx_word' id='word_1_94' title='bbox 882 1840 1098 1913; x_wconf 89' lang='lat' dir='ltr'><strong>istum</strong></span> <span class='ocrx_word' id='word_1_95' title='bbox 1154 1847 1534 1935; x_wconf 90' lang='lat' dir='ltr'><strong>punctum,</strong></span> <span class='ocrx_word' id='word_1_96' title='bbox 1588 1843 1799 1912; x_wconf 78' lang='lat' dir='ltr'><strong>mollo</strong></span> <span class='ocrx_word' id='word_1_97' title='bbox 1848 1844 1913 1913; x_wconf 82' lang='lat' dir='ltr'><strong>si</strong></span> <span class='ocrx_word' id='word_1_98' title='bbox 1962 1843 2173 1932; x_wconf 84' lang='lat' dir='ltr'><strong>mira,</strong></span> <span class='ocrx_word' id='word_1_99' title='bbox 2231 1847 2304 1913; x_wconf 91' lang='lat' dir='ltr'><strong>et</strong></span> <span class='ocrx_word' id='word_1_100' title='bbox 2368 1860 2547 1914; x_wconf 83' lang='lat' dir='ltr'><strong>vere</strong></span> <span class='ocrx_word' id='word_1_101' title='bbox 2613 1840 2821 1913; x_wconf 91' lang='lat' dir='ltr'><strong>multi</strong></span> 
     </span>
     <span class='ocr_line' id='line_1_13' title="bbox 482 1960 2823 2055; baseline 0 -23"><span class='ocrx_word' id='word_1_102' title='bbox 482 1961 847 2034; x_wconf 85' lang='lat' dir='ltr'><strong>mirantur</strong></span> <span class='ocrx_word' id='word_1_103' title='bbox 888 1961 1085 2055; x_wconf 89' lang='lat' dir='ltr'><strong>quod</strong></span> <span class='ocrx_word' id='word_1_104' title='bbox 1126 1967 1416 2035; x_wconf 88' lang='lat' dir='ltr'><strong>creator</strong></span> <span class='ocrx_word' id='word_1_105' title='bbox 1460 1961 1696 2034; x_wconf 84' lang='lat' dir='ltr'><strong>sactus</strong></span> <span class='ocrx_word' id='word_1_106' title='bbox 1738 1967 1846 2034; x_wconf 71' lang='lat' dir='ltr'><strong>est</strong></span> <span class='ocrx_word' id='word_1_107' title='bbox 1889 1968 2256 2053; x_wconf 90' lang='lat' dir='ltr'><strong>creatura,</strong></span> <span class='ocrx_word' id='word_1_108' title='bbox 2293 1960 2465 2053; x_wconf 88' lang='lat' dir='ltr'><strong>quia</strong></span> <span class='ocrx_word' id='word_1_109' title='bbox 2501 1961 2640 2033; x_wconf 88' lang='lat' dir='ltr'><strong>hoc</strong></span> <span class='ocrx_word' id='word_1_110' title='bbox 2676 1981 2823 2034; x_wconf 91' lang='lat' dir='ltr'><strong>non</strong></span> 
     </span>
     <span class='ocr_line' id='line_1_14' title="bbox 482 2081 2823 2175; baseline -0 -20"><span class='ocrx_word' id='word_1_111' title='bbox 482 2088 591 2155; x_wconf 89' lang='lat' dir='ltr'><strong>est</strong></span> <span class='ocrx_word' id='word_1_112' title='bbox 645 2087 970 2175; x_wconf 85' lang='lat' dir='ltr'><strong>naturae3</strong></span> <span class='ocrx_word' id='word_1_113' title='bbox 1022 2081 1184 2156; x_wconf 91' lang='lat' dir='ltr'><strong>ideo</strong></span> <span class='ocrx_word' id='word_1_114' title='bbox 1235 2103 1273 2154; x_wconf 86' lang='lat' dir='ltr'><strong>e</strong></span> <span class='ocrx_word' id='word_1_115' title='bbox 1313 2103 1496 2174; x_wconf 86' lang='lat' dir='ltr'><strong>poco</strong></span> <span class='ocrx_word' id='word_1_116' title='bbox 1546 2085 1609 2153; x_wconf 78' lang='lat' dir='ltr'><strong>si</strong></span> <span class='ocrx_word' id='word_1_117' title='bbox 1656 2085 1999 2173; x_wconf 81' lang='lat' dir='ltr'><strong>discerne,</strong></span> <span class='ocrx_word' id='word_1_118' title='bbox 2062 2081 2234 2175; x_wconf 90' lang='lat' dir='ltr'><strong>quia</strong></span> <span class='ocrx_word' id='word_1_119' title='bbox 2288 2082 2532 2153; x_wconf 90' lang='lat' dir='ltr'><strong>nullus</strong></span> <span class='ocrx_word' id='word_1_120' title='bbox 2584 2082 2823 2154; x_wconf 89' lang='lat' dir='ltr'><strong>malus</strong></span> 
     </span>
     <span class='ocr_line' id='line_1_15' title="bbox 481 2201 2824 2297; baseline 0 -24"><span class='ocrx_word' id='word_1_121' title='bbox 481 2208 715 2297; x_wconf 90' lang='lat' dir='ltr'><strong>potest</strong></span> <span class='ocrx_word' id='word_1_122' title='bbox 778 2222 938 2276; x_wconf 92' lang='lat' dir='ltr'><strong>esse</strong></span> <span class='ocrx_word' id='word_1_123' title='bbox 996 2201 1363 2296; x_wconf 81' lang='lat' dir='ltr'><strong>perfectus</strong></span> <span class='ocrx_word' id='word_1_124' title='bbox 1415 2203 2234 2297; x_wconf 87' lang='lat' dir='ltr'><strong>metaphysicus.—La</strong></span> <span class='ocrx_word' id='word_1_125' title='bbox 2293 2204 2568 2274; x_wconf 77' lang='lat' dir='ltr'><strong>divina.¹</strong></span> <span class='ocrx_word' id='word_1_126' title='bbox 2615 2201 2824 2274; x_wconf 92' lang='lat' dir='ltr'><strong>Nunc</strong></span> 
     </span>
     <span class='ocr_line' id='line_1_16' title="bbox 482 2318 2826 2413; baseline -0.001 -20"><span class='ocrx_word' id='word_1_127' title='bbox 482 2321 771 2395; x_wconf 85' lang='lat' dir='ltr'><strong>Beatrix</strong></span> <span class='ocrx_word' id='word_1_128' title='bbox 832 2321 1083 2395; x_wconf 88' lang='lat' dir='ltr'><strong>volens</strong></span> <span class='ocrx_word' id='word_1_129' title='bbox 1153 2321 1395 2395; x_wconf 84' lang='lat' dir='ltr'><strong>facere</strong></span> <span class='ocrx_word' id='word_1_130' title='bbox 1459 2320 1895 2394; x_wconf 89' lang='lat' dir='ltr'><strong>solutionem</strong></span> <span class='ocrx_word' id='word_1_131' title='bbox 1957 2320 2127 2394; x_wconf 88' lang='lat' dir='ltr'><strong>dicti</strong></span> <span class='ocrx_word' id='word_1_132' title='bbox 2191 2319 2389 2393; x_wconf 90' lang='lat' dir='ltr'><strong>dubii</strong></span> <span class='ocrx_word' id='word_1_133' title='bbox 2453 2318 2826 2413; x_wconf 85' lang='lat' dir='ltr'><strong>praemittit</strong></span> 
     </span>
     <span class='ocr_line' id='line_1_17' title="bbox 482 2433 2825 2535; baseline -0 -23"><span class='ocrx_word' id='word_1_134' title='bbox 482 2441 819 2534; x_wconf 86' lang='lat' dir='ltr'><strong>quaedam</strong></span> <span class='ocrx_word' id='word_1_135' title='bbox 891 2440 1236 2535; x_wconf 89' lang='lat' dir='ltr'><strong>principia</strong></span> <span class='ocrx_word' id='word_1_136' title='bbox 1300 2440 1708 2515; x_wconf 87' lang='lat' dir='ltr'><strong>necessaria</strong></span> <span class='ocrx_word' id='word_1_137' title='bbox 1772 2441 1865 2514; x_wconf 93' lang='lat' dir='ltr'><strong>ad</strong></span> <span class='ocrx_word' id='word_1_138' title='bbox 1894 2433 1966 2533; x_wconf 77' lang='lat'><strong>(¹)</strong></span> <span class='ocrx_word' id='word_1_139' title='bbox 2042 2441 2203 2534; x_wconf 86' lang='lat' dir='ltr'><strong>hoc,</strong></span> <span class='ocrx_word' id='word_1_140' title='bbox 2267 2440 2559 2534; x_wconf 90' lang='lat' dir='ltr'><strong>scilicet,</strong></span> <span class='ocrx_word' id='word_1_141' title='bbox 2625 2438 2825 2532; x_wconf 90' lang='lat' dir='ltr'><strong>quod</strong></span> 
     </span>
     <span class='ocr_line' id='line_1_18' title="bbox 482 2559 2826 2654; baseline 0 -23"><span class='ocrx_word' id='word_1_142' title='bbox 482 2559 679 2632; x_wconf 88' lang='lat' dir='ltr'><strong>Deus</strong></span> <span class='ocrx_word' id='word_1_143' title='bbox 728 2559 822 2633; x_wconf 88' lang='lat' dir='ltr'><strong>ab</strong></span> <span class='ocrx_word' id='word_1_144' title='bbox 875 2560 1073 2634; x_wconf 90' lang='lat' dir='ltr'><strong>initio</strong></span> <span class='ocrx_word' id='word_1_145' title='bbox 1126 2561 1292 2635; x_wconf 83' lang='lat' dir='ltr'><strong>fecit</strong></span> <span class='ocrx_word' id='word_1_146' title='bbox 1343 2561 1715 2635; x_wconf 88' lang='lat' dir='ltr'><strong>hominem</strong></span> <span class='ocrx_word' id='word_1_147' title='bbox 1769 2561 2218 2634; x_wconf 90' lang='lat' dir='ltr'><strong>simillimum</strong></span> <span class='ocrx_word' id='word_1_148' title='bbox 2265 2560 2396 2633; x_wconf 90' lang='lat' dir='ltr'><strong>sibi</strong></span> <span class='ocrx_word' id='word_1_149' title='bbox 2439 2581 2569 2654; x_wconf 91' lang='lat' dir='ltr'><strong>per</strong></span> <span class='ocrx_word' id='word_1_150' title='bbox 2603 2560 2826 2633; x_wconf 88' lang='lat' dir='ltr'><strong>liber-</strong></span> 
     </span>
     <span class='ocr_line' id='line_1_19' title="bbox 483 2680 2826 2775; baseline -0 -21"><span class='ocrx_word' id='word_1_151' title='bbox 483 2685 705 2754; x_wconf 86' lang='lat' dir='ltr'><strong>tatem</strong></span> <span class='ocrx_word' id='word_1_152' title='bbox 759 2680 1059 2775; x_wconf 90' lang='lat' dir='ltr'><strong>arbitrii,</strong></span> <span class='ocrx_word' id='word_1_153' title='bbox 1113 2687 1188 2754; x_wconf 87' lang='lat' dir='ltr'><strong>et</strong></span> <span class='ocrx_word' id='word_1_154' title='bbox 1237 2681 1389 2775; x_wconf 88' lang='lat' dir='ltr'><strong>ipse</strong></span> <span class='ocrx_word' id='word_1_155' title='bbox 1454 2683 1676 2756; x_wconf 89' lang='lat' dir='ltr'><strong>homo</strong></span> <span class='ocrx_word' id='word_1_156' title='bbox 1737 2682 1905 2756; x_wconf 83' lang='lat' dir='ltr'><strong>fecit</strong></span> <span class='ocrx_word' id='word_1_157' title='bbox 1964 2702 2044 2755; x_wconf 91' lang='lat' dir='ltr'><strong>se</strong></span> <span class='ocrx_word' id='word_1_158' title='bbox 2102 2680 2662 2755; x_wconf 91' lang='lat' dir='ltr'><strong>dissimillimum</strong></span> <span class='ocrx_word' id='word_1_159' title='bbox 2725 2681 2826 2753; x_wconf 90' lang='lat' dir='ltr'><strong>illi</strong></span> 
     </span>
     <span class='ocr_line' id='line_1_20' title="bbox 480 2801 2821 2899; baseline -0 -25"><span class='ocrx_word' id='word_1_160' title='bbox 480 2821 612 2895; x_wconf 91' lang='lat' dir='ltr'><strong>per</strong></span> <span class='ocrx_word' id='word_1_161' title='bbox 665 2806 1068 2894; x_wconf 86' lang='lat' dir='ltr'><strong>peccatum.</strong></span> <span class='ocrx_word' id='word_1_162' title='bbox 1108 2801 1354 2874; x_wconf 91' lang='lat' dir='ltr'><strong>Primo</strong></span> <span class='ocrx_word' id='word_1_163' title='bbox 1405 2822 1588 2897; x_wconf 88' lang='lat' dir='ltr'><strong>ergo</strong></span> <span class='ocrx_word' id='word_1_164' title='bbox 1634 2803 1863 2899; x_wconf 84' lang='lat' dir='ltr'><strong>tangit</strong></span> <span class='ocrx_word' id='word_1_165' title='bbox 1899 2802 1972 2875; x_wconf 91' lang='lat' dir='ltr'><strong>in</strong></span> <span class='ocrx_word' id='word_1_166' title='bbox 2010 2802 2333 2897; x_wconf 86' lang='lat' dir='ltr'><strong>generali</strong></span> <span class='ocrx_word' id='word_1_167' title='bbox 2372 2801 2821 2875; x_wconf 82' lang='lat' dir='ltr'><strong>creationem</strong></span> 
     </span>
     <span class='ocr_line' id='line_1_21' title="bbox 478 2920 2827 3015; baseline 0 -23"><span class='ocrx_word' id='word_1_168' title='bbox 478 2921 799 2994; x_wconf 89' lang='lat' dir='ltr'><strong>universi</strong></span> <span class='ocrx_word' id='word_1_169' title='bbox 851 2941 1076 3014; x_wconf 89' lang='lat' dir='ltr'><strong>quam</strong></span> <span class='ocrx_word' id='word_1_170' title='bbox 1131 2922 1326 2995; x_wconf 90' lang='lat' dir='ltr'><strong>Deus</strong></span> <span class='ocrx_word' id='word_1_171' title='bbox 1377 2921 1544 2995; x_wconf 82' lang='lat' dir='ltr'><strong>fecit</strong></span> <span class='ocrx_word' id='word_1_172' title='bbox 1593 2922 1748 2996; x_wconf 89' lang='lat' dir='ltr'><strong>sola</strong></span> <span class='ocrx_word' id='word_1_173' title='bbox 1798 2922 2123 2996; x_wconf 88' lang='lat' dir='ltr'><strong>bonitate</strong></span> <span class='ocrx_word' id='word_1_174' title='bbox 2187 2943 2344 3014; x_wconf 90' lang='lat' dir='ltr'><strong>sua,</strong></span> <span class='ocrx_word' id='word_1_175' title='bbox 2400 2920 2571 3015; x_wconf 92' lang='lat' dir='ltr'><strong>quia</strong></span> <span class='ocrx_word' id='word_1_176' title='bbox 2622 2926 2827 2994; x_wconf 91' lang='lat' dir='ltr'><strong>caret</strong></span> 
     </span>
     <span class='ocr_line' id='line_1_22' title="bbox 478 3039 2822 3135; baseline 0 -24"><span class='ocrx_word' id='word_1_177' title='bbox 478 3039 777 3131; x_wconf 86' lang='lat' dir='ltr'><strong>invidia,</strong></span> <span class='ocrx_word' id='word_1_178' title='bbox 842 3039 1004 3113; x_wconf 93' lang='lat' dir='ltr'><strong>ideo</strong></span> <span class='ocrx_word' id='word_1_179' title='bbox 1070 3040 1301 3114; x_wconf 84' lang='lat' dir='ltr'><strong>voluit</strong></span> <span class='ocrx_word' id='word_1_180' title='bbox 1375 3041 1812 3135; x_wconf 88' lang='lat' dir='ltr'><strong>participare</strong></span> <span class='ocrx_word' id='word_1_181' title='bbox 1880 3041 2240 3115; x_wconf 88' lang='lat' dir='ltr'><strong>creaturis</strong></span> <span class='ocrx_word' id='word_1_182' title='bbox 2316 3040 2822 3114; x_wconf 87' lang='lat' dir='ltr'><strong>excellentiam</strong></span> 
     </span>
     <span class='ocr_line' id='line_1_23' title="bbox 481 3153 2827 3257; baseline 0.001 -25"><span class='ocrx_word' id='word_1_183' title='bbox 481 3179 715 3253; x_wconf 90' lang='lat' dir='ltr'><strong>suam,</strong></span> <span class='ocrx_word' id='word_1_184' title='bbox 767 3158 894 3232; x_wconf 90' lang='lat' dir='ltr'><strong>sed</strong></span> <span class='ocrx_word' id='word_1_185' title='bbox 946 3160 1313 3254; x_wconf 89' lang='lat' dir='ltr'><strong>potissime</strong></span> <span class='ocrx_word' id='word_1_186' title='bbox 1367 3161 1698 3235; x_wconf 90' lang='lat' dir='ltr'><strong>rationali</strong></span> <span class='ocrx_word' id='word_1_187' title='bbox 1734 3153 1808 3251; x_wconf 70' lang='lat'><strong>(²)</strong></span> <span class='ocrx_word' id='word_1_188' title='bbox 1861 3169 2250 3254; x_wconf 85' lang='lat' dir='ltr'><strong>creaturae,</strong></span> <span class='ocrx_word' id='word_1_189' title='bbox 2296 3161 2414 3234; x_wconf 91' lang='lat' dir='ltr'><strong>cui</strong></span> <span class='ocrx_word' id='word_1_190' title='bbox 2470 3161 2641 3233; x_wconf 90' lang='lat' dir='ltr'><strong>nihil</strong></span> <span class='ocrx_word' id='word_1_191' title='bbox 2694 3181 2827 3257; x_wconf 89' lang='lat' dir='ltr'><strong>po-</strong></span> 
     </span>
     <span class='ocr_line' id='line_1_24' title="bbox 482 3271 2828 3375; baseline 0.002 -25"><span class='ocrx_word' id='word_1_192' title='bbox 482 3278 620 3351; x_wconf 94' lang='lat' dir='ltr'><strong>tuit</strong></span> <span class='ocrx_word' id='word_1_193' title='bbox 669 3277 846 3352; x_wconf 92' lang='lat' dir='ltr'><strong>dare</strong></span> <span class='ocrx_word' id='word_1_194' title='bbox 895 3279 1367 3354; x_wconf 87' lang='lat' dir='ltr'><strong>excellentius</strong></span> <span class='ocrx_word' id='word_1_195' title='bbox 1419 3280 1649 3354; x_wconf 89' lang='lat' dir='ltr'><strong>libero</strong></span> <span class='ocrx_word' id='word_1_196' title='bbox 1701 3280 2027 3375; x_wconf 90' lang='lat' dir='ltr'><strong>arbitrio,</strong></span> <span class='ocrx_word' id='word_1_197' title='bbox 2066 3301 2198 3375; x_wconf 89' lang='lat' dir='ltr'><strong>per</strong></span> <span class='ocrx_word' id='word_1_198' title='bbox 2225 3271 2300 3372; x_wconf 77' lang='lat'><strong>(³)</strong></span> <span class='ocrx_word' id='word_1_199' title='bbox 2354 3281 2550 3375; x_wconf 88' lang='lat' dir='ltr'><strong>quod</strong></span> <span class='ocrx_word' id='word_1_200' title='bbox 2604 3282 2828 3355; x_wconf 88' lang='lat' dir='ltr'><strong>homo</strong></span> 
     </span>
     <span class='ocr_line' id='line_1_25' title="bbox 485 3397 2829 3496; baseline 0.001 -25"><span class='ocrx_word' id='word_1_201' title='bbox 485 3397 563 3471; x_wconf 88' lang='lat' dir='ltr'><strong>fit</strong></span> <span class='ocrx_word' id='word_1_202' title='bbox 612 3398 858 3471; x_wconf 89' lang='lat' dir='ltr'><strong>similis</strong></span> <span class='ocrx_word' id='word_1_203' title='bbox 906 3398 1044 3492; x_wconf 90' lang='lat' dir='ltr'><strong>illi;</strong></span> <span class='ocrx_word' id='word_1_204' title='bbox 1087 3400 1275 3473; x_wconf 89' lang='lat' dir='ltr'><strong>sicut</strong></span> <span class='ocrx_word' id='word_1_205' title='bbox 1326 3400 1522 3474; x_wconf 90' lang='lat' dir='ltr'><strong>enim</strong></span> <span class='ocrx_word' id='word_1_206' title='bbox 1559 3401 1711 3494; x_wconf 88' lang='lat' dir='ltr'><strong>ipse</strong></span> <span class='ocrx_word' id='word_1_207' title='bbox 1745 3408 1906 3475; x_wconf 90' lang='lat' dir='ltr'><strong>erat</strong></span> <span class='ocrx_word' id='word_1_208' title='bbox 1946 3401 2058 3474; x_wconf 91' lang='lat' dir='ltr'><strong>sui</strong></span> <span class='ocrx_word' id='word_1_209' title='bbox 2085 3402 2275 3496; x_wconf 89' lang='lat' dir='ltr'><strong>juris</strong></span> <span class='ocrx_word' id='word_1_210' title='bbox 2310 3406 2382 3474; x_wconf 86' lang='lat' dir='ltr'><strong>et</strong></span> <span class='ocrx_word' id='word_1_211' title='bbox 2417 3421 2570 3474; x_wconf 85' lang='lat' dir='ltr'><strong>suae</strong></span> <span class='ocrx_word' id='word_1_212' title='bbox 2605 3400 2829 3496; x_wconf 88' lang='lat' dir='ltr'><strong>ipsius</strong></span> 
     </span>
     <span class='ocr_line' id='line_1_26' title="bbox 484 3517 2828 3614; baseline 0.002 -24"><span class='ocrx_word' id='word_1_213' title='bbox 484 3517 875 3591; x_wconf 88' lang='lat' dir='ltr'><strong>voluntatis</strong></span> <span class='ocrx_word' id='word_1_214' title='bbox 943 3539 1087 3592; x_wconf 92' lang='lat' dir='ltr'><strong>non</strong></span> <span class='ocrx_word' id='word_1_215' title='bbox 1128 3520 1600 3593; x_wconf 28' lang='lat' dir='ltr'><strong>*necessitatis</strong></span> <span class='ocrx_word' id='word_1_216' title='bbox 1672 3526 1834 3594; x_wconf 91' lang='lat' dir='ltr'><strong>erat</strong></span> <span class='ocrx_word' id='word_1_217' title='bbox 1904 3520 2101 3614; x_wconf 92' lang='lat' dir='ltr'><strong>quod</strong></span> <span class='ocrx_word' id='word_1_218' title='bbox 2176 3520 2412 3594; x_wconf 88' lang='lat' dir='ltr'><strong>bonus</strong></span> <span class='ocrx_word' id='word_1_219' title='bbox 2480 3528 2675 3613; x_wconf 89' lang='lat' dir='ltr'><strong>erat,</strong></span> <span class='ocrx_word' id='word_1_220' title='bbox 2730 3521 2828 3594; x_wconf 88' lang='lat' dir='ltr'><strong>ita</strong></span> 
     </span>
     <span class='ocr_line' id='line_1_27' title="bbox 484 3636 2827 3732; baseline 0.003 -25"><span class='ocrx_word' id='word_1_221' title='bbox 484 3636 706 3709; x_wconf 91' lang='lat' dir='ltr'><strong>homo</strong></span> <span class='ocrx_word' id='word_1_222' title='bbox 759 3636 966 3728; x_wconf 89' lang='lat' dir='ltr'><strong>quasi</strong></span> <span class='ocrx_word' id='word_1_223' title='bbox 1018 3636 1131 3709; x_wconf 89' lang='lat' dir='ltr'><strong>sui</strong></span> <span class='ocrx_word' id='word_1_224' title='bbox 1172 3637 1365 3732; x_wconf 84' lang='lat' dir='ltr'><strong>juris</strong></span> <span class='ocrx_word' id='word_1_225' title='bbox 1400 3638 1684 3712; x_wconf 89' lang='lat' dir='ltr'><strong>nonnisi</strong></span> <span class='ocrx_word' id='word_1_226' title='bbox 1738 3660 1872 3713; x_wconf 88' lang='lat' dir='ltr'><strong>sua</strong></span> <span class='ocrx_word' id='word_1_227' title='bbox 1924 3638 2303 3713; x_wconf 84' lang='lat' dir='ltr'><strong>voluntate</strong></span> <span class='ocrx_word' id='word_1_228' title='bbox 2343 3639 2588 3714; x_wconf 84' lang='lat' dir='ltr'><strong>facere</strong></span> <span class='ocrx_word' id='word_1_229' title='bbox 2637 3642 2827 3713; x_wconf 90' lang='lat' dir='ltr'><strong>mala</strong></span> 
     </span>
     <span class='ocr_line' id='line_1_28' title="bbox 484 3756 2825 3851; baseline 0 -22"><span class='ocrx_word' id='word_1_230' title='bbox 484 3763 558 3829; x_wconf 90' lang='lat' dir='ltr'><strong>et</strong></span> <span class='ocrx_word' id='word_1_231' title='bbox 616 3756 815 3851; x_wconf 90' lang='lat' dir='ltr'><strong>juste</strong></span> <span class='ocrx_word' id='word_1_232' title='bbox 882 3756 1384 3851; x_wconf 85' lang='lat' dir='ltr'><strong>damnaretur,</strong></span> <span class='ocrx_word' id='word_1_233' title='bbox 1436 3764 1566 3831; x_wconf 92' lang='lat' dir='ltr'><strong>aut</strong></span> <span class='ocrx_word' id='word_1_234' title='bbox 1641 3758 1833 3831; x_wconf 92' lang='lat' dir='ltr'><strong>bona</strong></span> <span class='ocrx_word' id='word_1_235' title='bbox 1895 3764 1971 3831; x_wconf 90' lang='lat' dir='ltr'><strong>et</strong></span> <span class='ocrx_word' id='word_1_236' title='bbox 2050 3758 2311 3832; x_wconf 90' lang='lat' dir='ltr'><strong>merito</strong></span> <span class='ocrx_word' id='word_1_237' title='bbox 2389 3760 2825 3832; x_wconf 85' lang='lat' dir='ltr'><strong>salvaretur.</strong></span> 
     </span>
     <span class='ocr_line' id='line_1_29' title="bbox 479 3876 2824 3973; baseline 0 -25"><span class='ocrx_word' id='word_1_238' title='bbox 479 3876 712 3950; x_wconf 92' lang='lat' dir='ltr'><strong>Nemo</strong></span> <span class='ocrx_word' id='word_1_239' title='bbox 789 3876 983 3950; x_wconf 90' lang='lat' dir='ltr'><strong>enim</strong></span> <span class='ocrx_word' id='word_1_240' title='bbox 1062 3876 1387 3951; x_wconf 89' lang='lat' dir='ltr'><strong>salvatur</strong></span> <span class='ocrx_word' id='word_1_241' title='bbox 1463 3878 1752 3951; x_wconf 88' lang='lat' dir='ltr'><strong>invitus.</strong></span> <span class='ocrx_word' id='word_1_242' title='bbox 1833 3876 2018 3951; x_wconf 89' lang='lat' dir='ltr'><strong>Dicit</strong></span> <span class='ocrx_word' id='word_1_243' title='bbox 2093 3897 2274 3973; x_wconf 85' lang='lat' dir='ltr'><strong>ergo</strong></span> <span class='ocrx_word' id='word_1_244' title='bbox 2344 3877 2436 3951; x_wconf 90' lang='lat' dir='ltr'><strong>ad</strong></span> <span class='ocrx_word' id='word_1_245' title='bbox 2496 3877 2824 3951; x_wconf 88' lang='lat' dir='ltr'><strong>literam:</strong></span> 
     </span>
     <span class='ocr_line' id='line_1_30' title="bbox 481 3988 2823 4091; baseline 0 -23"><span class='ocrx_word' id='word_1_246' title='bbox 481 4001 584 4068; x_wconf 85' lang='lat' dir='ltr'><strong>La</strong></span> <span class='ocrx_word' id='word_1_247' title='bbox 646 4000 886 4070; x_wconf 85' lang='lat' dir='ltr'><strong>divina</strong></span> <span class='ocrx_word' id='word_1_248' title='bbox 950 3988 1186 4087; x_wconf 69' lang='lat' dir='ltr'><strong>boncd,</strong></span> <span class='ocrx_word' id='word_1_249' title='bbox 1248 3997 1453 4091; x_wconf 90' lang='lat' dir='ltr'><strong>idest,</strong></span> <span class='ocrx_word' id='word_1_250' title='bbox 1514 3998 1753 4071; x_wconf 82' lang='lat' dir='ltr'><strong>forma</strong></span> <span class='ocrx_word' id='word_1_251' title='bbox 1814 3996 2010 4088; x_wconf 86' lang='lat' dir='ltr'><strong>boni,</strong></span> <span class='ocrx_word' id='word_1_252' title='bbox 2076 3998 2196 4069; x_wconf 76' lang='lat' dir='ltr'><strong>che</strong></span> <span class='ocrx_word' id='word_1_253' title='bbox 2258 3998 2354 4069; x_wconf 85' lang='lat' dir='ltr'><strong>da</strong></span> <span class='ocrx_word' id='word_1_254' title='bbox 2412 4018 2487 4069; x_wconf 85' lang='lat' dir='ltr'><strong>se</strong></span> <span class='ocrx_word' id='word_1_255' title='bbox 2544 4017 2823 4090; x_wconf 83' lang='lat' dir='ltr'><strong>sperne,</strong></span> 
     </span>
     <span class='ocr_line' id='line_1_31' title="bbox 481 4114 2824 4211; baseline 0.001 -25"><span class='ocrx_word' id='word_1_256' title='bbox 481 4114 693 4208; x_wconf 89' lang='lat' dir='ltr'><strong>idest,</strong></span> <span class='ocrx_word' id='word_1_257' title='bbox 766 4123 1054 4191; x_wconf 92' lang='lat' dir='ltr'><strong>recusat</strong></span> <span class='ocrx_word' id='word_1_258' title='bbox 1115 4124 1188 4191; x_wconf 90' lang='lat' dir='ltr'><strong>et</strong></span> <span class='ocrx_word' id='word_1_259' title='bbox 1255 4116 1576 4211; x_wconf 83' lang='lat' dir='ltr'><strong>expellit,</strong></span> <span class='ocrx_word' id='word_1_260' title='bbox 1644 4120 1815 4208; x_wconf 72' lang='lat' dir='ltr'><strong>oyni</strong></span> <span class='ocrx_word' id='word_1_261' title='bbox 1884 4118 2128 4207; x_wconf 84' lang='lat' dir='ltr'><strong>livore,</strong></span> <span class='ocrx_word' id='word_1_262' title='bbox 2197 4115 2411 4211; x_wconf 90' lang='lat' dir='ltr'><strong>idest,</strong></span> <span class='ocrx_word' id='word_1_263' title='bbox 2482 4116 2824 4190; x_wconf 89' lang='lat' dir='ltr'><strong>invidiam</strong></span> 
     </span>
     <span class='ocr_line' id='line_1_32' title="bbox 472 4233 2831 4331; baseline 0.001 -25"><span class='ocrx_word' id='word_1_264' title='bbox 472 4233 687 4327; x_wconf 83' lang='lat' dir='ltr'><strong>juxta</strong></span> <span class='ocrx_word' id='word_1_265' title='bbox 738 4234 914 4308; x_wconf 90' lang='lat' dir='ltr'><strong>illud</strong></span> <span class='ocrx_word' id='word_1_266' title='bbox 966 4237 1282 4310; x_wconf 86' lang='lat' dir='ltr'><strong>Platonis</strong></span> <span class='ocrx_word' id='word_1_267' title='bbox 1332 4237 1406 4308; x_wconf 90' lang='lat' dir='ltr'><strong>in</strong></span> <span class='ocrx_word' id='word_1_268' title='bbox 1457 4236 1769 4309; x_wconf 85' lang='lat' dir='ltr'><strong>Timaeo:</strong></span> <span class='ocrx_word' id='word_1_269' title='bbox 1823 4235 2144 4328; x_wconf 86' lang='lat' dir='ltr'><strong>optimus</strong></span> <span class='ocrx_word' id='word_1_270' title='bbox 2209 4235 2507 4329; x_wconf 89' lang='lat' dir='ltr'><strong>quidem</strong></span> <span class='ocrx_word' id='word_1_271' title='bbox 2569 4243 2700 4331; x_wconf 91' lang='lat' dir='ltr'><strong>est,</strong></span> <span class='ocrx_word' id='word_1_272' title='bbox 2755 4242 2831 4312; x_wconf 95' lang='lat' dir='ltr'><strong>et</strong></span> 
     </span>
     <span class='ocr_line' id='line_1_33' title="bbox 480 4351 2828 4451; baseline 0.002 -27"><span class='ocrx_word' id='word_1_273' title='bbox 480 4351 700 4446; x_wconf 83' lang='lat' dir='ltr'><strong>longe</strong></span> <span class='ocrx_word' id='word_1_274' title='bbox 749 4352 843 4425; x_wconf 89' lang='lat' dir='ltr'><strong>ab</strong></span> <span class='ocrx_word' id='word_1_275' title='bbox 894 4354 1168 4445; x_wconf 89' lang='lat' dir='ltr'><strong>optimo</strong></span> <span class='ocrx_word' id='word_1_276' title='bbox 1218 4354 1486 4428; x_wconf 89' lang='lat' dir='ltr'><strong>invidia</strong></span> <span class='ocrx_word' id='word_1_277' title='bbox 1537 4353 1862 4449; x_wconf 84' lang='lat' dir='ltr'><strong>relegata</strong></span> <span class='ocrx_word' id='word_1_278' title='bbox 1906 4360 2036 4449; x_wconf 91' lang='lat' dir='ltr'><strong>est,</strong></span> <span class='ocrx_word' id='word_1_279' title='bbox 2073 4357 2396 4428; x_wconf 79' lang='lat' dir='ltr'><strong>ardendo</strong></span> <span class='ocrx_word' id='word_1_280' title='bbox 2444 4358 2519 4428; x_wconf 81' lang='lat' dir='ltr'><strong>in</strong></span> <span class='ocrx_word' id='word_1_281' title='bbox 2567 4377 2641 4427; x_wconf 82' lang='lat' dir='ltr'><strong>se</strong></span> <span class='ocrx_word' id='word_1_282' title='bbox 2674 4361 2828 4451; x_wconf 80' lang='lat' dir='ltr'><strong>sfa-</strong></span> 
     </span>
    </p>
   </div>
   <div class='ocr_carea' id='block_1_3' title="bbox 607 4615 2684 4683">
    <p class='ocr_par' dir='ltr' id='par_1_3' title="bbox 607 4615 2684 4683">
     <span class='ocr_line' id='line_1_34' title="bbox 607 4615 2684 4683; baseline 0.001 -17"><span class='ocrx_word' id='word_1_283' title='bbox 607 4615 663 4678; x_wconf 83' lang='lat'><strong>(¹)</strong></span> <span class='ocrx_word' id='word_1_284' title='bbox 696 4620 742 4676; x_wconf 70' lang='lat'><strong>⁴,</strong></span> <span class='ocrx_word' id='word_1_285' title='bbox 775 4615 839 4665; x_wconf 72' lang='lat' dir='ltr'><strong>ad</strong></span> <span class='ocrx_word' id='word_1_286' title='bbox 871 4616 998 4665; x_wconf 74' lang='lat' dir='ltr'><strong>haec.</strong></span> <span class='ocrx_word' id='word_1_287' title='bbox 1078 4669 1082 4673; x_wconf 79' lang='grc'><strong>,</strong></span> <span class='ocrx_word' id='word_1_288' title='bbox 1310 4615 1366 4681; x_wconf 82' lang='lat'><strong>(²)</strong></span> <span class='ocrx_word' id='word_1_289' title='bbox 1399 4622 1444 4678; x_wconf 77' lang='grc'><strong>4,</strong></span> <span class='ocrx_word' id='word_1_290' title='bbox 1481 4615 1788 4668; x_wconf 78' lang='lat' dir='ltr'><strong>rationabili.</strong></span> <span class='ocrx_word' id='word_1_291' title='bbox 2100 4617 2157 4680; x_wconf 74' lang='lat'><strong>(²)</strong></span> <span class='ocrx_word' id='word_1_292' title='bbox 2186 4618 2249 4669; x_wconf 86' lang='lat' dir='ltr'><strong>E.</strong></span> <span class='ocrx_word' id='word_1_293' title='bbox 2285 4623 2495 4682; x_wconf 79' lang='lat' dir='ltr'><strong>propter</strong></span> <span class='ocrx_word' id='word_1_294' title='bbox 2528 4633 2562 4683; x_wconf 85' lang='lat' dir='ltr'><strong>q</strong></span> <span class='ocrx_word' id='word_1_295' title='bbox 2601 4619 2684 4669; x_wconf 83' lang='lat' dir='ltr'><strong>od.</strong></span> 
     </span>
    </p>
   </div>
  </div>
 </body>
</html>
