<?xml version="1.0" encoding="UTF-8"?>
<!DOCTYPE html PUBLIC "-//W3C//DTD XHTML 1.0 Transitional//EN"
    "http://www.w3.org/TR/xhtml1/DTD/xhtml1-transitional.dtd">
<html xmlns="http://www.w3.org/1999/xhtml" xml:lang="en" lang="en">
 <head>
  <title>
</title>
<meta http-equiv="Content-Type" content="text/html;charset=utf-8" />
  <meta name='ocr-system' content='tesseract 3.04.00' />
  <meta name='ocr-capabilities' content='ocr_page ocr_carea ocr_par ocr_line ocrx_word'/>
</head>
<body>
  <div class='ocr_page' id='page_1' title='image "benevenutideram02lacagoog_0289.png"; bbox 0 0 3734 5567; ppageno 0'>
   <div class='ocr_carea' id='block_1_1' title="bbox 1138 456 2862 521">
    <p class='ocr_par' dir='ltr' id='par_1_1' title="bbox 1138 456 2862 521">
     <span class='ocr_line' id='line_1_1' title="bbox 1138 456 2862 521; baseline 0.002 -4"><span class='ocrx_word' id='word_1_1' title='bbox 1138 462 1415 517; x_wconf 68' lang='lat' dir='ltr'><strong>CANTUS</strong></span> <span class='ocrx_word' id='word_1_2' title='bbox 1464 464 1898 519; x_wconf 77' lang='lat' dir='ltr'>TRIGESIMUS</span> <span class='ocrx_word' id='word_1_3' title='bbox 1946 463 2272 519; x_wconf 81' lang='lat' dir='ltr'>TERTIUS·</span> <span class='ocrx_word' id='word_1_4' title='bbox 2721 456 2862 521; x_wconf 81' lang='grc'>279</span> 
     </span>
    </p>
   </div>
   <div class='ocr_carea' id='block_1_2' title="bbox 523 608 2887 4386">
    <p class='ocr_par' dir='ltr' id='par_1_2' title="bbox 523 608 2887 4386">
     <span class='ocr_line' id='line_1_2' title="bbox 523 608 2869 705; baseline -0 -19"><span class='ocrx_word' id='word_1_5' title='bbox 523 611 850 686; x_wconf 90' lang='lat' dir='ltr'>animam</span> <span class='ocrx_word' id='word_1_6' title='bbox 885 629 1119 684; x_wconf 90' lang='lat' dir='ltr'>suam.</span> <span class='ocrx_word' id='word_1_7' title='bbox 1147 613 1409 683; x_wconf 82' lang='lat' dir='ltr'>—Ma.</span> <span class='ocrx_word' id='word_1_8' title='bbox 1446 609 1577 683; x_wconf 91' lang='lat' dir='ltr'>Hic</span> <span class='ocrx_word' id='word_1_9' title='bbox 1609 608 1907 684; x_wconf 83' lang='lat' dir='ltr'>Beatrix</span> <span class='ocrx_word' id='word_1_10' title='bbox 1941 608 2259 705; x_wconf 81' lang='lat' dir='ltr'><strong>assignat</strong></span> <span class='ocrx_word' id='word_1_11' title='bbox 2292 627 2594 682; x_wconf 88' lang='lat' dir='ltr'>causam</span> <span class='ocrx_word' id='word_1_12' title='bbox 2632 629 2869 703; x_wconf 89' lang='lat' dir='ltr'>quare</span> 
     </span>
     <span class='ocr_line' id='line_1_3' title="bbox 524 728 2871 826; baseline -0.001 -20"><span class='ocrx_word' id='word_1_13' title='bbox 524 731 698 807; x_wconf 82' lang='lat' dir='ltr'>velit</span> <span class='ocrx_word' id='word_1_14' title='bbox 747 731 987 826; x_wconf 91' lang='lat' dir='ltr'>ipsum</span> <span class='ocrx_word' id='word_1_15' title='bbox 1039 729 1323 804; x_wconf 86' lang='lat' dir='ltr'>referre</span> <span class='ocrx_word' id='word_1_16' title='bbox 1355 749 1608 803; x_wconf 90' lang='lat' dir='ltr'>secum</span> <span class='ocrx_word' id='word_1_17' title='bbox 1650 729 1743 804; x_wconf 91' lang='lat' dir='ltr'>ad</span> <span class='ocrx_word' id='word_1_18' title='bbox 1779 728 2140 802; x_wconf 90' lang='lat' dir='ltr'>mundum</span> <span class='ocrx_word' id='word_1_19' title='bbox 2178 747 2264 801; x_wconf 90' lang='lat' dir='ltr'>ea</span> <span class='ocrx_word' id='word_1_20' title='bbox 2302 749 2470 822; x_wconf 86' lang='lat' dir='ltr'>quae</span> <span class='ocrx_word' id='word_1_21' title='bbox 2509 728 2641 802; x_wconf 90' lang='lat' dir='ltr'>sibi</span> <span class='ocrx_word' id='word_1_22' title='bbox 2686 729 2871 822; x_wconf 83' lang='lat' dir='ltr'>dixit</span> 
     </span>
     <span class='ocr_line' id='line_1_4' title="bbox 525 846 2870 945; baseline -0.001 -20"><span class='ocrx_word' id='word_1_23' title='bbox 525 850 875 945; x_wconf 88' lang='lat' dir='ltr'>obscure;</span> <span class='ocrx_word' id='word_1_24' title='bbox 911 848 1262 944; x_wconf 90' lang='lat' dir='ltr'>quoniam</span> <span class='ocrx_word' id='word_1_25' title='bbox 1298 847 1465 922; x_wconf 91' lang='lat' dir='ltr'>licet</span> <span class='ocrx_word' id='word_1_26' title='bbox 1498 868 1644 921; x_wconf 92' lang='lat' dir='ltr'>non</span> <span class='ocrx_word' id='word_1_27' title='bbox 1679 848 1901 944; x_wconf 83' lang='lat' dir='ltr'><strong>possit</strong></span> <span class='ocrx_word' id='word_1_28' title='bbox 1936 846 2340 943; x_wconf 86' lang='lat' dir='ltr'>intelligere</span> <span class='ocrx_word' id='word_1_29' title='bbox 2374 847 2594 943; x_wconf 89' lang='lat' dir='ltr'>clare,</span> <span class='ocrx_word' id='word_1_30' title='bbox 2623 868 2870 943; x_wconf 92' lang='lat' dir='ltr'>neque</span> 
     </span>
     <span class='ocr_line' id='line_1_5' title="bbox 526 965 2869 1062; baseline 0 -20"><span class='ocrx_word' id='word_1_31' title='bbox 526 969 683 1043; x_wconf 89' lang='lat' dir='ltr'>aliis</span> <span class='ocrx_word' id='word_1_32' title='bbox 749 968 1150 1062; x_wconf 89' lang='lat' dir='ltr'>declarare,</span> <span class='ocrx_word' id='word_1_33' title='bbox 1209 967 1467 1042; x_wconf 89' lang='lat' dir='ltr'>saltem</span> <span class='ocrx_word' id='word_1_34' title='bbox 1538 966 1940 1062; x_wconf 78' lang='lat' dir='ltr'>reportabit</span> <span class='ocrx_word' id='word_1_35' title='bbox 1999 965 2228 1040; x_wconf 90' lang='lat' dir='ltr'>verba</span> <span class='ocrx_word' id='word_1_36' title='bbox 2291 965 2488 1040; x_wconf 89' lang='lat' dir='ltr'>nuda</span> <span class='ocrx_word' id='word_1_37' title='bbox 2551 967 2869 1043; x_wconf 89' lang='lat' dir='ltr'>velantia</span> 
     </span>
     <span class='ocr_line' id='line_1_6' title="bbox 528 1085 2870 1184; baseline 0.001 -23"><span class='ocrx_word' id='word_1_38' title='bbox 528 1088 829 1184; x_wconf 80' lang='lat' dir='ltr'>sactum,</span> <span class='ocrx_word' id='word_1_39' title='bbox 880 1088 1114 1163; x_wconf 89' lang='lat' dir='ltr'>donec</span> <span class='ocrx_word' id='word_1_40' title='bbox 1164 1087 1453 1163; x_wconf 91' lang='lat' dir='ltr'>eveniat</span> <span class='ocrx_word' id='word_1_41' title='bbox 1502 1086 1808 1162; x_wconf 85' lang='lat' dir='ltr'>effectus</span> <span class='ocrx_word' id='word_1_42' title='bbox 1857 1086 2006 1178; x_wconf 84' lang='lat' dir='ltr'>rei3</span> <span class='ocrx_word' id='word_1_43' title='bbox 2043 1091 2116 1160; x_wconf 93' lang='lat' dir='ltr'>et</span> <span class='ocrx_word' id='word_1_44' title='bbox 2154 1085 2258 1159; x_wconf 91' lang='lat' dir='ltr'>sic</span> <span class='ocrx_word' id='word_1_45' title='bbox 2307 1086 2564 1161; x_wconf 88' lang='lat' dir='ltr'>saltem</span> <span class='ocrx_word' id='word_1_46' title='bbox 2620 1094 2870 1181; x_wconf 89' lang='lat' dir='ltr'>porta-</span> 
     </span>
     <span class='ocr_line' id='line_1_7' title="bbox 530 1206 2863 1305; baseline -0 -23"><span class='ocrx_word' id='word_1_47' title='bbox 530 1208 635 1282; x_wconf 90' lang='lat' dir='ltr'>bit</span> <span class='ocrx_word' id='word_1_48' title='bbox 684 1208 998 1305; x_wconf 85' lang='lat' dir='ltr'>signum,</span> <span class='ocrx_word' id='word_1_49' title='bbox 1050 1207 1109 1281; x_wconf 89' lang='lat' dir='ltr'>si</span> <span class='ocrx_word' id='word_1_50' title='bbox 1170 1227 1316 1280; x_wconf 92' lang='lat' dir='ltr'>non</span> <span class='ocrx_word' id='word_1_51' title='bbox 1378 1226 1559 1281; x_wconf 90' lang='lat' dir='ltr'>rem.</span> <span class='ocrx_word' id='word_1_52' title='bbox 1624 1206 1807 1281; x_wconf 83' lang='lat' dir='ltr'>Dicit</span> <span class='ocrx_word' id='word_1_53' title='bbox 1865 1226 2085 1301; x_wconf 84' lang='lat' dir='ltr'>ergo:</span> <span class='ocrx_word' id='word_1_54' title='bbox 2138 1211 2263 1278; x_wconf 79' lang='lat' dir='ltr'>Ma</span> <span class='ocrx_word' id='word_1_55' title='bbox 2329 1209 2558 1297; x_wconf 61' lang='lat' dir='ltr'>voglio</span> <span class='ocrx_word' id='word_1_56' title='bbox 2611 1229 2863 1301; x_wconf 79' lang='lat' dir='ltr'>ancor,</span> 
     </span>
     <span class='ocr_line' id='line_1_8' title="bbox 530 1325 2874 1421; baseline 0 -20"><span class='ocrx_word' id='word_1_57' title='bbox 530 1326 736 1421; x_wconf 88' lang='lat' dir='ltr'>idest,</span> <span class='ocrx_word' id='word_1_58' title='bbox 804 1326 1068 1419; x_wconf 86' lang='lat' dir='ltr'>adhuc,</span> <span class='ocrx_word' id='word_1_59' title='bbox 1133 1327 1253 1400; x_wconf 76' lang='lat' dir='ltr'>che</span> <span class='ocrx_word' id='word_1_60' title='bbox 1326 1334 1389 1400; x_wconf 82' lang='lat' dir='ltr'>ce</span> <span class='ocrx_word' id='word_1_61' title='bbox 1461 1348 1551 1399; x_wconf 84' lang='lat' dir='ltr'>ne</span> <span class='ocrx_word' id='word_1_62' title='bbox 1611 1329 1831 1418; x_wconf 67' lang='lat' dir='ltr'>porti,</span> <span class='ocrx_word' id='word_1_63' title='bbox 1905 1325 1974 1399; x_wconf 90' lang='lat' dir='ltr'>id</span> <span class='ocrx_word' id='word_1_64' title='bbox 2042 1325 2240 1418; x_wconf 91' lang='lat' dir='ltr'>quod</span> <span class='ocrx_word' id='word_1_65' title='bbox 2307 1325 2456 1398; x_wconf 82' lang='lat' dir='ltr'>dixi</span> <span class='ocrx_word' id='word_1_66' title='bbox 2531 1327 2874 1421; x_wconf 84' lang='lat' dir='ltr'><strong>obscure,</strong></span> 
     </span>
     <span class='ocr_line' id='line_1_9' title="bbox 533 1443 2870 1541; baseline 0 -21"><span class='ocrx_word' id='word_1_67' title='bbox 533 1449 761 1520; x_wconf 79' lang='lat' dir='ltr'>almen</span> <span class='ocrx_word' id='word_1_68' title='bbox 811 1449 1101 1538; x_wconf 79' lang='lat' dir='ltr'>dipinto,</span> <span class='ocrx_word' id='word_1_69' title='bbox 1158 1445 1362 1540; x_wconf 87' lang='lat' dir='ltr'>idest,</span> <span class='ocrx_word' id='word_1_70' title='bbox 1416 1445 1783 1541; x_wconf 83' lang='lat' dir='ltr'>signatum</span> <span class='ocrx_word' id='word_1_71' title='bbox 1837 1463 1972 1538; x_wconf 93' lang='lat' dir='ltr'>per</span> <span class='ocrx_word' id='word_1_72' title='bbox 2024 1443 2423 1520; x_wconf 88' lang='lat' dir='ltr'>verborum</span> <span class='ocrx_word' id='word_1_73' title='bbox 2476 1444 2870 1521; x_wconf 86' lang='lat' dir='ltr'>difficulta-</span> 
     </span>
     <span class='ocr_line' id='line_1_10' title="bbox 535 1558 2872 1662; baseline 0 -22"><span class='ocrx_word' id='word_1_74' title='bbox 535 1573 707 1660; x_wconf 92' lang='lat' dir='ltr'>tem,</span> <span class='ocrx_word' id='word_1_75' title='bbox 777 1570 1024 1640; x_wconf 80' lang='lat' dir='ltr'>dentro</span> <span class='ocrx_word' id='word_1_76' title='bbox 1085 1586 1134 1637; x_wconf 89' lang='lat' dir='ltr'>a</span> <span class='ocrx_word' id='word_1_77' title='bbox 1191 1572 1278 1655; x_wconf 83' lang='lat' dir='ltr'>te,</span> <span class='ocrx_word' id='word_1_78' title='bbox 1342 1565 1416 1637; x_wconf 93' lang='lat' dir='ltr'>in</span> <span class='ocrx_word' id='word_1_79' title='bbox 1476 1564 1728 1639; x_wconf 91' lang='lat' dir='ltr'>animo</span> <span class='ocrx_word' id='word_1_80' title='bbox 1758 1558 1859 1657; x_wconf 83' lang='lat'>(¹),</span> <span class='ocrx_word' id='word_1_81' title='bbox 1912 1586 1949 1636; x_wconf 86' lang='lat' dir='ltr'>e</span> <span class='ocrx_word' id='word_1_82' title='bbox 2009 1586 2085 1637; x_wconf 80' lang='lat' dir='ltr'>se</span> <span class='ocrx_word' id='word_1_83' title='bbox 2143 1585 2291 1637; x_wconf 81' lang='lat' dir='ltr'>non</span> <span class='ocrx_word' id='word_1_84' title='bbox 2350 1568 2614 1657; x_wconf 75' lang='lat' dir='ltr'>scritta,</span> <span class='ocrx_word' id='word_1_85' title='bbox 2667 1566 2872 1662; x_wconf 89' lang='lat' dir='ltr'>idest,</span> 
     </span>
     <span class='ocr_line' id='line_1_11' title="bbox 533 1683 2871 1780; baseline 0.001 -21"><span class='ocrx_word' id='word_1_86' title='bbox 533 1687 870 1779; x_wconf 91' lang='lat' dir='ltr'>quamvis</span> <span class='ocrx_word' id='word_1_87' title='bbox 920 1707 1068 1761; x_wconf 91' lang='lat' dir='ltr'>non</span> <span class='ocrx_word' id='word_1_88' title='bbox 1101 1684 1328 1780; x_wconf 92' lang='lat' dir='ltr'>possis</span> <span class='ocrx_word' id='word_1_89' title='bbox 1361 1691 1658 1779; x_wconf 89' lang='lat' dir='ltr'>portare</span> <span class='ocrx_word' id='word_1_90' title='bbox 1693 1703 1866 1758; x_wconf 90' lang='lat' dir='ltr'>cum</span> <span class='ocrx_word' id='word_1_91' title='bbox 1902 1684 2102 1758; x_wconf 90' lang='lat' dir='ltr'>claro</span> <span class='ocrx_word' id='word_1_92' title='bbox 2139 1683 2533 1758; x_wconf 90' lang='lat' dir='ltr'>intellectu.</span> <span class='ocrx_word' id='word_1_93' title='bbox 2572 1686 2661 1759; x_wconf 92' lang='lat' dir='ltr'>Et</span> <span class='ocrx_word' id='word_1_94' title='bbox 2696 1706 2871 1762; x_wconf 88' lang='lat' dir='ltr'>ecce</span> 
     </span>
     <span class='ocr_line' id='line_1_12' title="bbox 532 1804 2881 1900; baseline 0 -21"><span class='ocrx_word' id='word_1_95' title='bbox 532 1826 799 1898; x_wconf 90' lang='lat' dir='ltr'>quare:</span> <span class='ocrx_word' id='word_1_96' title='bbox 855 1815 937 1881; x_wconf 88' lang='lat' dir='ltr'>ut</span> <span class='ocrx_word' id='word_1_97' title='bbox 985 1805 1205 1880; x_wconf 84' lang='lat' dir='ltr'>facias</span> <span class='ocrx_word' id='word_1_98' title='bbox 1258 1825 1466 1879; x_wconf 91' lang='lat' dir='ltr'>more</span> <span class='ocrx_word' id='word_1_99' title='bbox 1516 1804 2168 1900; x_wconf 75' lang='lat' dir='ltr'>peregrinantium,</span> <span class='ocrx_word' id='word_1_100' title='bbox 2205 1804 2332 1897; x_wconf 90' lang='lat' dir='ltr'>qui</span> <span class='ocrx_word' id='word_1_101' title='bbox 2369 1804 2643 1878; x_wconf 90' lang='lat' dir='ltr'>vadunt</span> <span class='ocrx_word' id='word_1_102' title='bbox 2687 1809 2881 1881; x_wconf 92' lang='lat' dir='ltr'>ultra</span> 
     </span>
     <span class='ocr_line' id='line_1_13' title="bbox 531 1922 2874 2019; baseline 0.001 -22"><span class='ocrx_word' id='word_1_103' title='bbox 531 1944 740 1998; x_wconf 90' lang='lat' dir='ltr'>mare</span> <span class='ocrx_word' id='word_1_104' title='bbox 787 1929 863 1999; x_wconf 91' lang='lat' dir='ltr'>et</span> <span class='ocrx_word' id='word_1_105' title='bbox 913 1929 1288 2019; x_wconf 90' lang='lat' dir='ltr'>reportant</span> <span class='ocrx_word' id='word_1_106' title='bbox 1339 1923 1433 1997; x_wconf 92' lang='lat' dir='ltr'>de</span> <span class='ocrx_word' id='word_1_107' title='bbox 1483 1925 1726 2017; x_wconf 90' lang='lat' dir='ltr'>palma</span> <span class='ocrx_word' id='word_1_108' title='bbox 1780 1922 1854 1995; x_wconf 92' lang='lat' dir='ltr'>in</span> <span class='ocrx_word' id='word_1_109' title='bbox 1918 1923 2212 2018; x_wconf 85' lang='lat' dir='ltr'>signum</span> <span class='ocrx_word' id='word_1_110' title='bbox 2274 1923 2470 2016; x_wconf 91' lang='lat' dir='ltr'>quod</span> <span class='ocrx_word' id='word_1_111' title='bbox 2533 1924 2874 2000; x_wconf 91' lang='lat' dir='ltr'>visitave-</span> 
     </span>
     <span class='ocr_line' id='line_1_14' title="bbox 534 2041 2872 2139; baseline -0 -20"><span class='ocrx_word' id='word_1_112' title='bbox 534 2050 707 2119; x_wconf 91' lang='lat' dir='ltr'>runt</span> <span class='ocrx_word' id='word_1_113' title='bbox 741 2050 1019 2118; x_wconf 91' lang='lat' dir='ltr'>terram</span> <span class='ocrx_word' id='word_1_114' title='bbox 1070 2049 1402 2117; x_wconf 80' lang='lat' dir='ltr'>sanctam</span> <span class='ocrx_word' id='word_1_115' title='bbox 1456 2041 1578 2116; x_wconf 88' lang='lat' dir='ltr'>ubi</span> <span class='ocrx_word' id='word_1_116' title='bbox 1631 2042 2009 2116; x_wconf 88' lang='lat' dir='ltr'>abundant</span> <span class='ocrx_word' id='word_1_117' title='bbox 2040 2043 2304 2137; x_wconf 84' lang='lat' dir='ltr'>palmae</span> <span class='ocrx_word' id='word_1_118' title='bbox 2318 2065 2339 2136; x_wconf 83' lang='lat'><em>3</em></span> <span class='ocrx_word' id='word_1_119' title='bbox 2374 2048 2450 2116; x_wconf 92' lang='lat' dir='ltr'>et</span> <span class='ocrx_word' id='word_1_120' title='bbox 2487 2042 2589 2118; x_wconf 90' lang='lat' dir='ltr'>ita</span> <span class='ocrx_word' id='word_1_121' title='bbox 2624 2050 2705 2117; x_wconf 90' lang='lat' dir='ltr'>tu</span> <span class='ocrx_word' id='word_1_122' title='bbox 2747 2044 2872 2139; x_wconf 89' lang='lat' dir='ltr'>qui</span> 
     </span>
     <span class='ocr_line' id='line_1_15' title="bbox 534 2160 2875 2238; baseline 0.001 -3"><span class='ocrx_word' id='word_1_123' title='bbox 534 2162 924 2237; x_wconf 86' lang='lat' dir='ltr'>transivisti</span> <span class='ocrx_word' id='word_1_124' title='bbox 984 2163 1216 2236; x_wconf 90' lang='lat' dir='ltr'>maria</span> <span class='ocrx_word' id='word_1_125' title='bbox 1278 2169 1353 2238; x_wconf 93' lang='lat' dir='ltr'>et</span> <span class='ocrx_word' id='word_1_126' title='bbox 1422 2168 1711 2235; x_wconf 90' lang='lat' dir='ltr'>montes</span> <span class='ocrx_word' id='word_1_127' title='bbox 1781 2168 1861 2235; x_wconf 89' lang='lat' dir='ltr'>ut</span> <span class='ocrx_word' id='word_1_128' title='bbox 1925 2161 2256 2236; x_wconf 86' lang='lat' dir='ltr'>visitares</span> <span class='ocrx_word' id='word_1_129' title='bbox 2318 2160 2532 2235; x_wconf 89' lang='lat' dir='ltr'>istam</span> <span class='ocrx_word' id='word_1_130' title='bbox 2597 2168 2875 2237; x_wconf 91' lang='lat' dir='ltr'>terram</span> 
     </span>
     <span class='ocr_line' id='line_1_16' title="bbox 539 2280 2877 2377; baseline -0 -20"><span class='ocrx_word' id='word_1_131' title='bbox 539 2288 865 2358; x_wconf 84' lang='lat' dir='ltr'>sanctam</span> <span class='ocrx_word' id='word_1_132' title='bbox 917 2282 1189 2377; x_wconf 91' lang='lat' dir='ltr'>poteris</span> <span class='ocrx_word' id='word_1_133' title='bbox 1241 2281 1523 2357; x_wconf 84' lang='lat' dir='ltr'>referre</span> <span class='ocrx_word' id='word_1_134' title='bbox 1573 2280 1799 2355; x_wconf 91' lang='lat' dir='ltr'>verba</span> <span class='ocrx_word' id='word_1_135' title='bbox 1842 2300 2009 2355; x_wconf 92' lang='lat' dir='ltr'>mea</span> <span class='ocrx_word' id='word_1_136' title='bbox 2045 2280 2119 2354; x_wconf 91' lang='lat' dir='ltr'>in</span> <span class='ocrx_word' id='word_1_137' title='bbox 2154 2280 2441 2376; x_wconf 85' lang='lat' dir='ltr'>signum</span> <span class='ocrx_word' id='word_1_138' title='bbox 2480 2281 2679 2375; x_wconf 92' lang='lat' dir='ltr'>quod</span> <span class='ocrx_word' id='word_1_139' title='bbox 2714 2281 2877 2357; x_wconf 80' lang='lat' dir='ltr'>sue-</span> 
     </span>
     <span class='ocr_line' id='line_1_17' title="bbox 541 2399 2875 2493; baseline -0 -18"><span class='ocrx_word' id='word_1_140' title='bbox 541 2402 640 2475; x_wconf 90' lang='lat' dir='ltr'>ris</span> <span class='ocrx_word' id='word_1_141' title='bbox 690 2402 762 2474; x_wconf 90' lang='lat' dir='ltr'>in</span> <span class='ocrx_word' id='word_1_142' title='bbox 812 2402 973 2476; x_wconf 92' lang='lat' dir='ltr'>loco</span> <span class='ocrx_word' id='word_1_143' title='bbox 1024 2409 1275 2475; x_wconf 89' lang='lat' dir='ltr'>sancto</span> <span class='ocrx_word' id='word_1_144' title='bbox 1318 2401 1444 2475; x_wconf 92' lang='lat' dir='ltr'>ubi</span> <span class='ocrx_word' id='word_1_145' title='bbox 1478 2399 1844 2475; x_wconf 84' lang='lat' dir='ltr'>audiveris</span> <span class='ocrx_word' id='word_1_146' title='bbox 1882 2400 2236 2493; x_wconf 89' lang='lat' dir='ltr'>miranda,</span> <span class='ocrx_word' id='word_1_147' title='bbox 2272 2401 2440 2475; x_wconf 88' lang='lat' dir='ltr'>licet</span> <span class='ocrx_word' id='word_1_148' title='bbox 2480 2421 2628 2474; x_wconf 92' lang='lat' dir='ltr'>non</span> <span class='ocrx_word' id='word_1_149' title='bbox 2662 2402 2875 2477; x_wconf 89' lang='lat' dir='ltr'>intel-</span> 
     </span>
     <span class='ocr_line' id='line_1_18' title="bbox 540 2520 2879 2616; baseline 0.001 -22"><span class='ocrx_word' id='word_1_150' title='bbox 540 2521 807 2595; x_wconf 83' lang='lat' dir='ltr'>lexeris</span> <span class='ocrx_word' id='word_1_151' title='bbox 857 2521 1000 2594; x_wconf 90' lang='lat' dir='ltr'>illa.</span> <span class='ocrx_word' id='word_1_152' title='bbox 1052 2520 1257 2596; x_wconf 92' lang='lat' dir='ltr'>Unde</span> <span class='ocrx_word' id='word_1_153' title='bbox 1304 2521 1514 2595; x_wconf 87' lang='lat' dir='ltr'>dicit:</span> <span class='ocrx_word' id='word_1_154' title='bbox 1556 2542 1695 2613; x_wconf 81' lang='lat' dir='ltr'>per</span> <span class='ocrx_word' id='word_1_155' title='bbox 1745 2523 1904 2611; x_wconf 78' lang='lat' dir='ltr'>quel</span> <span class='ocrx_word' id='word_1_156' title='bbox 1947 2523 2067 2592; x_wconf 78' lang='lat' dir='ltr'>che</span> <span class='ocrx_word' id='word_1_157' title='bbox 2113 2524 2176 2593; x_wconf 77' lang='lat' dir='ltr'>si</span> <span class='ocrx_word' id='word_1_158' title='bbox 2223 2541 2413 2612; x_wconf 77' lang='grc' dir='ltr'><em>νεοα,</em></span> <span class='ocrx_word' id='word_1_159' title='bbox 2465 2520 2671 2615; x_wconf 90' lang='lat' dir='ltr'>idest,</span> <span class='ocrx_word' id='word_1_160' title='bbox 2706 2542 2879 2616; x_wconf 89' lang='lat' dir='ltr'>pro-</span> 
     </span>
     <span class='ocr_line' id='line_1_19' title="bbox 543 2639 2881 2738; baseline 0.002 -26"><span class='ocrx_word' id='word_1_161' title='bbox 543 2646 706 2735; x_wconf 91' lang='lat' dir='ltr'>pter</span> <span class='ocrx_word' id='word_1_162' title='bbox 757 2639 934 2712; x_wconf 91' lang='lat' dir='ltr'>illud</span> <span class='ocrx_word' id='word_1_163' title='bbox 985 2640 1182 2733; x_wconf 92' lang='lat' dir='ltr'>quod</span> <span class='ocrx_word' id='word_1_164' title='bbox 1232 2646 1568 2735; x_wconf 88' lang='lat' dir='ltr'>portatur</span> <span class='ocrx_word' id='word_1_165' title='bbox 1619 2662 1663 2714; x_wconf 92' lang='lat' dir='ltr'>a</span> <span class='ocrx_word' id='word_1_166' title='bbox 1714 2639 2127 2738; x_wconf 83' lang='lat' dir='ltr'>peregrino,</span> <span class='ocrx_word' id='word_1_167' title='bbox 2167 2644 2223 2713; x_wconf 82' lang='lat' dir='ltr'>il</span> <span class='ocrx_word' id='word_1_168' title='bbox 2267 2642 2543 2713; x_wconf 81' lang='lat' dir='ltr'>bordon</span> <span class='ocrx_word' id='word_1_169' title='bbox 2582 2644 2762 2714; x_wconf 79' lang='lat' dir='ltr'>cinto</span> <span class='ocrx_word' id='word_1_170' title='bbox 2804 2645 2881 2716; x_wconf 78' lang='lat' dir='ltr'>di</span> 
     </span>
     <span class='ocr_line' id='line_1_20' title="bbox 535 2758 2879 2855; baseline 0.002 -24"><span class='ocrx_word' id='word_1_171' title='bbox 535 2762 803 2853; x_wconf 86' lang='lat' dir='ltr'>palma,</span> <span class='ocrx_word' id='word_1_172' title='bbox 856 2758 1056 2833; x_wconf 85' lang='lat' dir='ltr'>unde</span> <span class='ocrx_word' id='word_1_173' title='bbox 1104 2759 1286 2834; x_wconf 88' lang='lat' dir='ltr'>tales</span> <span class='ocrx_word' id='word_1_174' title='bbox 1334 2759 1699 2855; x_wconf 85' lang='lat' dir='ltr'>peregrini</span> <span class='ocrx_word' id='word_1_175' title='bbox 1762 2765 2122 2834; x_wconf 88' lang='lat' dir='ltr'>vocantur</span> <span class='ocrx_word' id='word_1_176' title='bbox 2171 2759 2552 2853; x_wconf 84' lang='lat' dir='ltr'>palmerii3</span> <span class='ocrx_word' id='word_1_177' title='bbox 2605 2765 2679 2834; x_wconf 88' lang='lat' dir='ltr'>et</span> <span class='ocrx_word' id='word_1_178' title='bbox 2737 2763 2879 2836; x_wconf 86' lang='lat' dir='ltr'>hoc</span> 
     </span>
     <span class='ocr_line' id='line_1_21' title="bbox 541 2881 2872 2975; baseline 0 -22"><span class='ocrx_word' id='word_1_179' title='bbox 541 2881 709 2954; x_wconf 91' lang='lat' dir='ltr'>volo</span> <span class='ocrx_word' id='word_1_180' title='bbox 750 2886 1021 2975; x_wconf 65' lang='lat' dir='ltr'>portes,</span> <span class='ocrx_word' id='word_1_181' title='bbox 1040 2882 1277 2972; x_wconf 75' lang='lat' dir='ltr'>perch’</span> <span class='ocrx_word' id='word_1_182' title='bbox 1291 2883 1363 2952; x_wconf 88' lang='lat' dir='ltr'>io</span> <span class='ocrx_word' id='word_1_183' title='bbox 1398 2883 1642 2971; x_wconf 70' lang='lat' dir='ltr'>veqm’o</span> <span class='ocrx_word' id='word_1_184' title='bbox 1676 2888 1737 2954; x_wconf 83' lang='lat' dir='ltr'>te</span> <span class='ocrx_word' id='word_1_185' title='bbox 1774 2883 1954 2974; x_wconf 80' lang='lat' dir='ltr'>sacto</span> <span class='ocrx_word' id='word_1_186' title='bbox 1987 2882 2065 2953; x_wconf 81' lang='lat' dir='ltr'>di</span> <span class='ocrx_word' id='word_1_187' title='bbox 2083 2882 2320 2974; x_wconf 77' lang='lat' dir='ltr'>pietra</span> <span class='ocrx_word' id='word_1_188' title='bbox 2350 2882 2507 2952; x_wconf 79' lang='lat' dir='ltr'>nell&#39;</span> <span class='ocrx_word' id='word_1_189' title='bbox 2523 2882 2872 2975; x_wconf 79' lang='lat' dir='ltr'>intellecto,</span> 
     </span>
     <span class='ocr_line' id='line_1_22' title="bbox 543 2998 2881 3095; baseline 0 -22"><span class='ocrx_word' id='word_1_190' title='bbox 543 3005 618 3073; x_wconf 91' lang='lat' dir='ltr'>et</span> <span class='ocrx_word' id='word_1_191' title='bbox 667 3020 814 3073; x_wconf 92' lang='lat' dir='ltr'>non</span> <span class='ocrx_word' id='word_1_192' title='bbox 866 2998 1199 3095; x_wconf 85' lang='lat' dir='ltr'>intelligis</span> <span class='ocrx_word' id='word_1_193' title='bbox 1250 3000 1471 3073; x_wconf 91' lang='lat' dir='ltr'>etiam</span> <span class='ocrx_word' id='word_1_194' title='bbox 1523 2998 1719 3092; x_wconf 90' lang='lat' dir='ltr'>quod</span> <span class='ocrx_word' id='word_1_195' title='bbox 1769 3000 1933 3074; x_wconf 91' lang='lat' dir='ltr'>dico</span> <span class='ocrx_word' id='word_1_196' title='bbox 1981 2998 2076 3073; x_wconf 89' lang='lat' dir='ltr'>de</span> <span class='ocrx_word' id='word_1_197' title='bbox 2123 3019 2317 3093; x_wconf 90' lang='lat' dir='ltr'>aqua</span> <span class='ocrx_word' id='word_1_198' title='bbox 2376 2999 2559 3072; x_wconf 81' lang='lat' dir='ltr'>Elsae</span> <span class='ocrx_word' id='word_1_199' title='bbox 2611 3007 2686 3075; x_wconf 90' lang='lat' dir='ltr'>et</span> <span class='ocrx_word' id='word_1_200' title='bbox 2735 3000 2881 3095; x_wconf 85' lang='lat' dir='ltr'>Py-</span> 
     </span>
     <span class='ocr_line' id='line_1_23' title="bbox 546 3117 2882 3216; baseline 0 -25"><span class='ocrx_word' id='word_1_201' title='bbox 546 3119 779 3212; x_wconf 87' lang='lat' dir='ltr'>ramo,</span> <span class='ocrx_word' id='word_1_202' title='bbox 822 3124 887 3191; x_wconf 77' lang='lat' dir='ltr'>et</span> <span class='ocrx_word' id='word_1_203' title='bbox 916 3121 993 3191; x_wconf 83' lang='lat' dir='ltr'>in</span> <span class='ocrx_word' id='word_1_204' title='bbox 1026 3117 1303 3210; x_wconf 80' lang='lat' dir='ltr'>pelrato</span> <span class='ocrx_word' id='word_1_205' title='bbox 1338 3120 1533 3208; x_wconf 80' lang='lat' dir='ltr'>tinto,</span> <span class='ocrx_word' id='word_1_206' title='bbox 1568 3117 1777 3212; x_wconf 89' lang='lat' dir='ltr'>idest,</span> <span class='ocrx_word' id='word_1_207' title='bbox 1811 3117 2021 3193; x_wconf 89' lang='lat' dir='ltr'>video</span> <span class='ocrx_word' id='word_1_208' title='bbox 2073 3123 2148 3192; x_wconf 87' lang='lat' dir='ltr'>te</span> <span class='ocrx_word' id='word_1_209' title='bbox 2199 3117 2492 3216; x_wconf 88' lang='lat' dir='ltr'>nigrum</span> <span class='ocrx_word' id='word_1_210' title='bbox 2545 3118 2619 3190; x_wconf 93' lang='lat' dir='ltr'>in</span> <span class='ocrx_word' id='word_1_211' title='bbox 2670 3118 2882 3192; x_wconf 91' lang='lat' dir='ltr'>intel-</span> 
     </span>
     <span class='ocr_line' id='line_1_24' title="bbox 545 3229 2881 3331; baseline -0 -21"><span class='ocrx_word' id='word_1_212' title='bbox 545 3238 766 3330; x_wconf 90' lang='lat' dir='ltr'>lectu,</span> <span class='ocrx_word' id='word_1_213' title='bbox 817 3229 877 3309; x_wconf 73' lang='lat' dir='ltr'>si</span> <span class='ocrx_word' id='word_1_214' title='bbox 923 3239 1043 3310; x_wconf 76' lang='lat' dir='ltr'>che</span> <span class='ocrx_word' id='word_1_215' title='bbox 1073 3239 1126 3309; x_wconf 87' lang='lat' dir='ltr'>’l</span> <span class='ocrx_word' id='word_1_216' title='bbox 1170 3239 1349 3310; x_wconf 81' lang='lat' dir='ltr'>lume</span> <span class='ocrx_word' id='word_1_217' title='bbox 1394 3239 1510 3309; x_wconf 83' lang='lat' dir='ltr'>del</span> <span class='ocrx_word' id='word_1_218' title='bbox 1553 3239 1692 3309; x_wconf 84' lang='lat' dir='ltr'>mio</span> <span class='ocrx_word' id='word_1_219' title='bbox 1734 3240 1917 3311; x_wconf 80' lang='lat' dir='ltr'>deuo</span> <span class='ocrx_word' id='word_1_220' title='bbox 1966 3240 2012 3310; x_wconf 82' lang='lat' dir='ltr'>t&#39;</span> <span class='ocrx_word' id='word_1_221' title='bbox 2038 3237 2393 3329; x_wconf 73' lang='lat' dir='ltr'>abbaylia,</span> <span class='ocrx_word' id='word_1_222' title='bbox 2427 3236 2632 3331; x_wconf 89' lang='lat' dir='ltr'>idest,</span> <span class='ocrx_word' id='word_1_223' title='bbox 2668 3237 2881 3310; x_wconf 90' lang='lat' dir='ltr'>ablu-</span> 
     </span>
     <span class='ocr_line' id='line_1_25' title="bbox 547 3355 2881 3451; baseline -0.001 -19"><span class='ocrx_word' id='word_1_224' title='bbox 547 3355 741 3432; x_wconf 91' lang='lat' dir='ltr'>cinat</span> <span class='ocrx_word' id='word_1_225' title='bbox 766 3362 839 3431; x_wconf 92' lang='lat' dir='ltr'>te</span> <span class='ocrx_word' id='word_1_226' title='bbox 865 3355 961 3430; x_wconf 90' lang='lat' dir='ltr'>ita</span> <span class='ocrx_word' id='word_1_227' title='bbox 989 3355 1187 3449; x_wconf 85' lang='lat' dir='ltr'>quod</span> <span class='ocrx_word' id='word_1_228' title='bbox 1216 3355 1525 3430; x_wconf 89' lang='lat' dir='ltr'>materia</span> <span class='ocrx_word' id='word_1_229' title='bbox 1558 3376 1703 3430; x_wconf 91' lang='lat' dir='ltr'>non</span> <span class='ocrx_word' id='word_1_230' title='bbox 1737 3362 1848 3430; x_wconf 87' lang='lat' dir='ltr'>est</span> <span class='ocrx_word' id='word_1_231' title='bbox 1879 3355 2220 3451; x_wconf 89' lang='lat' dir='ltr'>disposita</span> <span class='ocrx_word' id='word_1_232' title='bbox 2253 3356 2345 3429; x_wconf 91' lang='lat' dir='ltr'>ad</span> <span class='ocrx_word' id='word_1_233' title='bbox 2382 3355 2881 3451; x_wconf 89' lang='lat' dir='ltr'>recipiendum</span> 
     </span>
     <span class='ocr_line' id='line_1_26' title="bbox 548 3474 2884 3570; baseline 0 -22"><span class='ocrx_word' id='word_1_234' title='bbox 548 3476 801 3549; x_wconf 90' lang='lat' dir='ltr'>lumen</span> <span class='ocrx_word' id='word_1_235' title='bbox 851 3494 1129 3550; x_wconf 89' lang='lat' dir='ltr'>meum.</span> <span class='ocrx_word' id='word_1_236' title='bbox 1181 3475 1268 3546; x_wconf 92' lang='lat' dir='ltr'>Et</span> <span class='ocrx_word' id='word_1_237' title='bbox 1317 3474 1559 3548; x_wconf 91' lang='lat' dir='ltr'>subdit</span> <span class='ocrx_word' id='word_1_238' title='bbox 1608 3482 1822 3570; x_wconf 91' lang='lat' dir='ltr'>poeta</span> <span class='ocrx_word' id='word_1_239' title='bbox 1885 3495 2097 3548; x_wconf 91' lang='lat' dir='ltr'>suam</span> <span class='ocrx_word' id='word_1_240' title='bbox 2162 3475 2710 3568; x_wconf 88' lang='lat' dir='ltr'>responsionem</span> <span class='ocrx_word' id='word_1_241' title='bbox 2761 3495 2884 3549; x_wconf 89' lang='lat' dir='ltr'>as-</span> 
     </span>
     <span class='ocr_line' id='line_1_27' title="bbox 547 3593 2884 3691; baseline -0 -22"><span class='ocrx_word' id='word_1_242' title='bbox 547 3615 798 3670; x_wconf 89' lang='lat' dir='ltr'>serens</span> <span class='ocrx_word' id='word_1_243' title='bbox 847 3612 929 3667; x_wconf 91' lang='lat' dir='ltr'>se</span> <span class='ocrx_word' id='word_1_244' title='bbox 978 3593 1251 3667; x_wconf 88' lang='lat' dir='ltr'>habere</span> <span class='ocrx_word' id='word_1_245' title='bbox 1300 3593 1592 3688; x_wconf 85' lang='lat' dir='ltr'>signum</span> <span class='ocrx_word' id='word_1_246' title='bbox 1643 3594 1950 3667; x_wconf 84' lang='lat' dir='ltr'>affixum</span> <span class='ocrx_word' id='word_1_247' title='bbox 2004 3594 2383 3669; x_wconf 83' lang='lat' dir='ltr'>memoriae</span> <span class='ocrx_word' id='word_1_248' title='bbox 2423 3596 2639 3689; x_wconf 85' lang='lat' dir='ltr'>juxta</span> <span class='ocrx_word' id='word_1_249' title='bbox 2688 3615 2884 3691; x_wconf 83' lang='lat' dir='ltr'>prae-</span> 
     </span>
     <span class='ocr_line' id='line_1_28' title="bbox 547 3713 2884 3811; baseline -0.001 -21"><span class='ocrx_word' id='word_1_250' title='bbox 547 3714 955 3811; x_wconf 86' lang='lat' dir='ltr'>ceptionem</span> <span class='ocrx_word' id='word_1_251' title='bbox 1007 3714 1187 3807; x_wconf 80' lang='lat' dir='ltr'>eiuS,</span> <span class='ocrx_word' id='word_1_252' title='bbox 1240 3713 1523 3788; x_wconf 86' lang='lat' dir='ltr'>dicens:</span> <span class='ocrx_word' id='word_1_253' title='bbox 1593 3720 1660 3787; x_wconf 83' lang='lat' dir='ltr'>et</span> <span class='ocrx_word' id='word_1_254' title='bbox 1715 3717 1814 3805; x_wconf 82' lang='lat' dir='ltr'>ic,</span> <span class='ocrx_word' id='word_1_255' title='bbox 1864 3714 2143 3809; x_wconf 84' lang='lat' dir='ltr'>supple,</span> <span class='ocrx_word' id='word_1_256' title='bbox 2208 3713 2570 3807; x_wconf 63' lang='lat' dir='ltr'>respondi,</span> <span class='ocrx_word' id='word_1_257' title='bbox 2623 3717 2692 3787; x_wconf 86' lang='lat' dir='ltr'>lo</span> <span class='ocrx_word' id='word_1_258' title='bbox 2742 3717 2884 3788; x_wconf 83' lang='lat' dir='ltr'>mio</span> 
     </span>
     <span class='ocr_line' id='line_1_29' title="bbox 546 3832 2882 3929; baseline -0 -21"><span class='ocrx_word' id='word_1_259' title='bbox 546 3837 870 3925; x_wconf 79' lang='lat' dir='ltr'>cervell0,</span> <span class='ocrx_word' id='word_1_260' title='bbox 937 3833 1013 3905; x_wconf 90' lang='lat' dir='ltr'>in</span> <span class='ocrx_word' id='word_1_261' title='bbox 1064 3853 1214 3926; x_wconf 93' lang='lat' dir='ltr'>quo</span> <span class='ocrx_word' id='word_1_262' title='bbox 1265 3839 1373 3908; x_wconf 63' lang='lat' dir='ltr'>est</span> <span class='ocrx_word' id='word_1_263' title='bbox 1425 3833 1786 3907; x_wconf 91' lang='lat' dir='ltr'>memoria</span> <span class='ocrx_word' id='word_1_264' title='bbox 1845 3840 1920 3907; x_wconf 93' lang='lat' dir='ltr'>et</span> <span class='ocrx_word' id='word_1_265' title='bbox 1983 3832 2521 3908; x_wconf 89' lang='lat' dir='ltr'>reminiscentia</span> <span class='ocrx_word' id='word_1_266' title='bbox 2586 3854 2882 3929; x_wconf 86' lang='lat' dir='ltr'>magna,</span> 
     </span>
     <span class='ocr_line' id='line_1_30' title="bbox 548 3950 2882 4048; baseline -0.003 -19"><span class='ocrx_word' id='word_1_267' title='bbox 548 3950 590 4029; x_wconf 68' lang='lat' dir='ltr'>e*</span> <span class='ocrx_word' id='word_1_268' title='bbox 632 3976 722 4027; x_wconf 88' lang='lat' dir='ltr'>or</span> <span class='ocrx_word' id='word_1_269' title='bbox 770 3957 1047 4045; x_wconf 69' lang='lat' dir='ltr'>siynato</span> <span class='ocrx_word' id='word_1_270' title='bbox 1097 3956 1195 4026; x_wconf 85' lang='lat' dir='ltr'>da</span> <span class='ocrx_word' id='word_1_271' title='bbox 1244 3956 1384 4045; x_wconf 83' lang='lat' dir='ltr'>voi,</span> <span class='ocrx_word' id='word_1_272' title='bbox 1435 3952 1608 4048; x_wconf 90' lang='lat' dir='ltr'>quia</span> <span class='ocrx_word' id='word_1_273' title='bbox 1658 3952 1888 4042; x_wconf 84' lang='lat' dir='ltr'>verba</span> <span class='ocrx_word' id='word_1_274' title='bbox 1938 3951 2173 4026; x_wconf 88' lang='lat' dir='ltr'>habeo</span> <span class='ocrx_word' id='word_1_275' title='bbox 2224 3950 2578 4046; x_wconf 90' lang='lat' dir='ltr'>impressa</span> <span class='ocrx_word' id='word_1_276' title='bbox 2628 3950 2882 4045; x_wconf 90' lang='lat' dir='ltr'>menti,</span> 
     </span>
     <span class='ocr_line' id='line_1_31' title="bbox 549 4064 2883 4168; baseline -0.002 -22"><span class='ocrx_word' id='word_1_277' title='bbox 549 4073 715 4148; x_wconf 89' lang='lat' dir='ltr'>licet</span> <span class='ocrx_word' id='word_1_278' title='bbox 764 4094 911 4148; x_wconf 92' lang='lat' dir='ltr'>non</span> <span class='ocrx_word' id='word_1_279' title='bbox 961 4073 1383 4168; x_wconf 82' lang='lat' dir='ltr'>intelligam,</span> <span class='ocrx_word' id='word_1_280' title='bbox 1436 4092 1482 4145; x_wconf 91' lang='lat' dir='ltr'>a</span> <span class='ocrx_word' id='word_1_281' title='bbox 1532 4070 1768 4165; x_wconf 89' lang='lat' dir='ltr'>simili,</span> <span class='ocrx_word' id='word_1_282' title='bbox 1819 4064 1881 4144; x_wconf 70' lang='lat' dir='ltr'>si</span> <span class='ocrx_word' id='word_1_283' title='bbox 1930 4091 2123 4144; x_wconf 83' lang='lat' dir='ltr'>come</span> <span class='ocrx_word' id='word_1_284' title='bbox 2184 4090 2350 4143; x_wconf 84' lang='lat' dir='ltr'>cera</span> <span class='ocrx_word' id='word_1_285' title='bbox 2399 4072 2497 4142; x_wconf 85' lang='lat' dir='ltr'>da</span> <span class='ocrx_word' id='word_1_286' title='bbox 2544 4072 2883 4161; x_wconf 69' lang='lat' dir='ltr'>suqqello,</span> 
     </span>
     <span class='ocr_line' id='line_1_32' title="bbox 552 4187 2886 4288; baseline -0.001 -23"><span class='ocrx_word' id='word_1_287' title='bbox 552 4192 807 4286; x_wconf 90' lang='lat' dir='ltr'>supple</span> <span class='ocrx_word' id='word_1_288' title='bbox 855 4192 1138 4288; x_wconf 83' lang='lat' dir='ltr'>signatu</span> <span class='ocrx_word' id='word_1_289' title='bbox 1147 4213 1207 4286; x_wconf 96' lang='lat' dir='ltr'>r,</span> <span class='ocrx_word' id='word_1_290' title='bbox 1248 4194 1369 4264; x_wconf 75' lang='lat' dir='ltr'>che</span> <span class='ocrx_word' id='word_1_291' title='bbox 1417 4212 1561 4264; x_wconf 82' lang='lat' dir='ltr'>non</span> <span class='ocrx_word' id='word_1_292' title='bbox 1612 4196 1956 4265; x_wconf 79' lang='lat' dir='ltr'>trasmuca</span> <span class='ocrx_word' id='word_1_293' title='bbox 1989 4192 2062 4261; x_wconf 83' lang='lat' dir='ltr'>la</span> <span class='ocrx_word' id='word_1_294' title='bbox 2094 4191 2338 4281; x_wconf 69' lang='lat' dir='ltr'>fiyura</span> <span class='ocrx_word' id='word_1_295' title='bbox 2367 4191 2713 4281; x_wconf 82' lang='lat' dir='ltr'>impressa</span> <span class='ocrx_word' id='word_1_296' title='bbox 2722 4214 2752 4282; x_wconf 82' lang='lat'>,-</span> <span class='ocrx_word' id='word_1_297' title='bbox 2787 4187 2886 4262; x_wconf 91' lang='lat' dir='ltr'>ita</span> 
     </span>
     <span class='ocr_line' id='line_1_33' title="bbox 554 4309 2887 4386; baseline 0 -3"><span class='ocrx_word' id='word_1_298' title='bbox 554 4329 693 4384; x_wconf 91' lang='lat' dir='ltr'>nec</span> <span class='ocrx_word' id='word_1_299' title='bbox 751 4311 1108 4386; x_wconf 88' lang='lat' dir='ltr'>memoria</span> <span class='ocrx_word' id='word_1_300' title='bbox 1173 4310 1688 4386; x_wconf 89' lang='lat' dir='ltr'>transmutabit</span> <span class='ocrx_word' id='word_1_301' title='bbox 1748 4310 2064 4384; x_wconf 84' lang='lat' dir='ltr'>formam</span> <span class='ocrx_word' id='word_1_302' title='bbox 2132 4309 2536 4383; x_wconf 86' lang='lat' dir='ltr'>verborum</span> <span class='ocrx_word' id='word_1_303' title='bbox 2601 4313 2887 4383; x_wconf 89' lang='lat' dir='ltr'>vestro-</span> 
     </span>
    </p>
   </div>
   <div class='ocr_carea' id='block_1_3' title="bbox 682 4570 1605 4635">
    <p class='ocr_par' dir='ltr' id='par_1_3' title="bbox 682 4570 1605 4635">
     <span class='ocr_line' id='line_1_34' title="bbox 682 4570 1605 4635; baseline -0.005 -11"><span class='ocrx_word' id='word_1_304' title='bbox 682 4570 739 4635; x_wconf 90' lang='lat'>(¹)</span> <span class='ocrx_word' id='word_1_305' title='bbox 774 4575 882 4632; x_wconf 80' lang='lat'>¹1⁷,</span> <span class='ocrx_word' id='word_1_306' title='bbox 915 4571 969 4622; x_wconf 82' lang='lat' dir='ltr'>in</span> <span class='ocrx_word' id='word_1_307' title='bbox 998 4571 1173 4623; x_wconf 75' lang='lat' dir='ltr'>animo</span> <span class='ocrx_word' id='word_1_308' title='bbox 1204 4577 1314 4631; x_wconf 86' lang='lat' dir='ltr'>tuo,</span> <span class='ocrx_word' id='word_1_309' title='bbox 1346 4584 1375 4621; x_wconf 79' lang='grc' dir='ltr'><strong><em>ο</em></strong></span> <span class='ocrx_word' id='word_1_310' title='bbox 1402 4583 1455 4621; x_wconf 69' lang='grc' dir='ltr'><strong><em>ω</em></strong></span> <span class='ocrx_word' id='word_1_311' title='bbox 1483 4583 1605 4620; x_wconf 72' lang='lat' dir='ltr'>non.</span> 
     </span>
    </p>
   </div>
  </div>
 </body>
</html>
