3734 5567
1150 522 1430 576 CANTUS
1480 523 1861 579 vresssuuns
1911 523 2252 579 oc‘rAvns.
2736 514 2868 579 161

524 667 727 762 idest,
781 689 929 741 ηοη
983 665 1280 740 maioris
1341 666 1684 762 impetus,
1735 670 1855 740 che
1914 689 2128 741 soave
2186 676 2412 759 vento,
2479 669 2713 762 qualis
2765 676 2874 743 est

523 790 888 885 zephyrus
916 794 1184 881 noster,
1214 786 1340 881 qui
1375 787 1700 862 suaviter
1736 787 2031 862 adducit
2066 788 2291 862 nobis·
2310 790 2527 863 flores
2562 796 2637 863 et
2671 790 2872 864 fron-

524 909 650 983 des
700 914 1039 1003 tempore
1089 907 1300 981 veris.
1366 908 1455 980 Et
1518 909 1653 982 hoc
1722 909 2136 983 manifestat
2201 928 2333 1004 per
2397 909 2712 1004 signum,
2763 911 2873 985 di-

520 1048 730 1102 cens:
775 1049 914 1120 per
962 1030 1073 1099 cui
1119 1029 1180 1100 le
1221 1030 1511 1120 fronde,
1569 1027 1756 1101 illius
1807 1029 2054 1123 sylvae,
2107 1032 2541 1102 tremolando
2581 1038 2863 1124 prome,

480 1155 683 1225 ,tutte
731 1155 984 1238 quante
1023 1150 1449 1239 ριέῃαυαηο,
1504 1147 1677 1240 quia
1729 1149 2230 1242 sequebantur
2271 1155 2556 1222 motum
2609 1169 2867 1245 sperae,

523 1270 671 1340 alla
710 1274 945 1359 parte,
999 1266 1291 1358 scilicet,
1342 1286 1603 1340 versus
1654 1267 2131 1361 occidentem,
2175 1271 2241 1341 u'
2274 1272 2331 1342 il
2374 1277 2579 1342 santo
2612 1278 2865 1361 monce,

524 1388 816 1481 scilicet,
845 1386 1275 1483 purgatorii,
1301 1390 1476 1477 qiua
1516 1390 1588 1459 la
1611 1390 1855 1479 prima
1889 1390 2164 1480 ombra,
2192 1390 2486 1485 scilicet,
2513 1390 2588 1463 in
2627 1410 2863 1464 mane.

522 1508 612 1583 Et
660 1506 776 1581 hic
827 1511 999 1581 nota
1051 1506 1250 1600 quod
1300 1511 1516 1600 poeta
1566 1526 1697 1601 per
1750 1508 1890 1582 hoc
1941 1508 2319 1582 moraliter
2368 1509 2492 1583 dat
2543 1510 2865 1606 intelligi,

523 1626 718 1720 quod
758 1626 832 1699 in
868 1626 993 1700 tali
1027 1632 1222 1700 statu
1258 1626 1572 1721 virtutiS,
1607 1626 1775 1700 licet
1809 1626 2031 1721 spiret
2064 1634 2329 1702 ventus
2363 1628 2646 1724 aliquiS,
2683 1631 2867 1705 idest

520 1746 766 1839 aliqua
818 1747 998 1819 levis
1048 1746 1502 1840 perturbatio
1566 1766 1734 1840 quae
1793 1767 2055 1840 parum
2123 1748 2364 1841 flectit,
2419 1769 2566 1821 non
2616 1755 2865 1823 tamen

522 1865 789 1962 frangit
840 1866 959 1939 vel
1008 1865 1401 1959 prosternit
1449 1866 1775 1960 arboreS,
1813 1886 1949 1940 nec
1993 1866 2286 1960 impedit
2333 1867 2527 1940 viros
2580 1869 2862 1943 virtuo-

525 2004 644 2059 sos
695 2006 738 2059 a
791 2006 927 2058 suo
977 1985 1256 2080 placido
1307 1985 1549 2060 officio
1601 1993 1674 2060 et
1726 1986 2098 2060 exercitio.
2152 1987 2322 2062 Ideo
2372 1988 2562 2062 bene
2622 1989 2864 2063 subdit

524 2104 815 2178 frondes
864 2105 1048 2197 dico,
1100 2125 1240 2176 non
1301 2098 1481 2198 perd
1538 2112 1802 2198 sparte,
1854 2106 2058 2198 idest,
2111 2106 2526 2201 dispartitae,
2576 2110 2705 2181 dal
2750 2112 2862 2181 lor

523 2245 707 2297 esser
757 2224 995 2314 dritm,
1048 2224 1221 2317 quia
1271 2225 1495 2298 arbor
1556 2224 1986 2298 naturaliter.
2047 2226 2273 2299 tendit
2337 2232 2535 2300 recte
2602 2247 2864 2302 versus

521 2347 816 2438 coelum,
846 2351 1065 2435 tanto,
1092 2346 1213 2417 che
1242 2348 1344 2435 qli
1375 2347 1717 2435 anyelletti
1742 2366 1876 2437 per
1910 2349 1971 2418 le
2002 2349 2172 2418 cime
2211 2349 2581 2420 lasciasser
2612 2351 2858 2439 d’ope-

519 2484 655 2539 rar
704 2469 871 2558 oqm'
919 2470 1030 2539 lor
1080 2473 1260 2555 arce,
1297 2465 1499 2558 idest,
1535 2466 1897 2561 garritum
1936 2472 2011 2539 et
2043 2473 2366 2540 cantum.
2403 2467 2492 2539 Et
2532 2468 2647 2540 hic
2688 2474 2860 2542 nota

523 2585 718 2679 quod
769 2605 902 2680 per
960 2605 1136 2659 aves
1198 2591 1398 2659 recte
1429 2578 1499 2676 (⁴)
1564 2584 1686 2659 dat
1745 2584 2040 2681 intelligi
2109 2585 2305 2659 viros
2365 2586 2724 2680 sapientes
2784 2593 2859 2661 et

521 2704 906 2798 virtuoSOS,
970 2704 1096 2797 qui
1160 2706 1409 2777 volant
1476 2724 1607 2798 per
1668 2704 1911 2798 apices
1972 2705 2354 2797 virtutum,
2424 2709 2498 2778 et
2564 2712 2858 2778 cantant

518 2826 772 2899 laudes
823 2824 976 2898 Deo
1027 2845 1197 2898 cum
1253 2824 1519 2897 laetitia.
1550 2827 1816 2897 —Ma.
1856 2823 1986 2897 Hic
2037 2829 2251 2917 poeta
2302 2824 2643 2897 describit
2687 2845 2859 2898 can·

518 2951 675 3018 tum
713 2945 1004 3019 illarum
1042 2944 1290 3018 avium
1313 2968 1332 3037 3
1359 2950 1433 3017 et
1458 2943 1628 3017 dicit
1655 2943 2000 3036 breviter,
2029 2943 2226 3036 quod
2260 2962 2435 3016 aves
2469 2942 2860 3017 cantabant

517 3063 920 3139 secundum
994 3070 1276 3136 motum
1348 3062 1537 3135 illius
1592 3062 1788 3136 venti
1847 3062 1975 3155 qui
2045 3062 2501 3155 percutiebat
2567 3062 2859 3136 frondes

515 3183 866 3256 arborum
922 3189 995 3256 et
1046 3182 1540 3257 resonantiam
1581 3182 1914 3275 faciebat,
1950 3181 2136 3255 sicut
2182 3188 2447 3256 ventus
2488 3181 2858 3256 orientalis

516 3301 686 3376 facit
715 3294 787 3394 (²)
844 3303 913 3375 in
981 3303 1222 3397 pineta
1292 3301 1487 3395 apud
1539 3301 1989 3374 Ravennam.
2044 3301 2131 3373 Et
2194 3306 2305 3375 est
2363 3300 2856 3395 propriissima

514 3423 1009 3517 comparatio:
1063 3424 1263 3518 sylva
1317 3421 1511 3496 enim
1566 3420 1935 3495 Ravennae
1984 3422 2203 3495 habet
2239 3421 2312 3493 in
2346 3440 2427 3494 se
2473 3421 2688 3515 pinus
2734 3440 2858 3493 ar-

516 3541 733 3615 bores
766 3541 1164 3616 odoriferas
1200 3541 1386 3614 sicut
1421 3539 1602 3633 ista3
1657 3559 1826 3634 quae
1878 3540 2088 3634 pinus
2123 3540 2539 3634 producunt
2571 3541 2858 3614 fructus

515 3660 941 3735 fortissimos
990 3664 1356 3755 protectos
1396 3658 1767 3753 multiplici
1804 3659 2077 3733 cortice
2112 3680 2259 3734 non
2296 3659 2633 3734 timentes
2678 3659 2854 3753 vim,

473 3783 629 3855 ,vel
677 3786 1184 3875 tempestatem
1237 3780 1424 3853 sicut
1475 3786 1549 3853 et
1601 3780 1956 3853 virtutes:
2010 3785 2086 3852 et
2148 3779 2336 3853 sicut
2396 3784 2658 3852 ventus
2724 3799 2857 3853 ve—

513 3900 719 3975 niens
769 3901 863 3975 ab
914 3901 1197 3974 oriente
1254 3900 1475 3995 spirat
1546 3899 1616 3971 in
1680 3899 1798 3972 illa
1851 3899 2078 3994 sylva,
2140 3897 2240 3971 ita
2302 3896 2375 3969 in
2445 3896 2600 3971 ista.
2673 3896 2857 3970 Dicit

513 4041 732 4118 ergo:
785 4025 911 4095 Ma
961 4023 1341 4110 cantandO,
1390 4019 1531 4092 illae
1581 4039 1776 4113 aveS,
1831 4022 1876 4091 Γ
1903 4041 2030 4092 ore
2069 4021 2326 4111 prime,
2370 4016 2661 4110 scilicet,
2714 4016 2853 4090 diei

513 4147 688 4215 tunc
739 4141 1126 4239 surgentis,
1161 4140 1454 4234 quando
1508 4139 1643 4212 viri
1681 4139 1998 4236 religiosi
2033 4144 2326 4212 cantant
2367 4137 2714 4230 Primam,
2750 4139 2858 4209 ri-

512 4282 836 4353 caveam,
871 4262 1078 4335 illum
1132 4266 1461 4353 ventum,
1496 4261 1689 4331 intra
1724 4263 1785 4332 le
1817 4261 2033 4352 foqlie
2065 4261 2185 4331 clue
2222 4265 2468 4330 teman
2516 4258 2857 4347 bordone,

511 4379 719 4473 idest,
771 4380 1093 4474 firmum,
1147 4384 1282 4453 alle
1330 4401 1452 4453 sue
1498 4382 1696 4472 rime,
1742 4379 1946 4473 idest,
1981 4378 2256 4470 cantui,
2297 4378 2635 4467 bordone,
2671 4376 2857 4466 dicO,

638 4635 692 4697 (¹)
723 4634 785 4684 Ε.
818 4640 962 4686 certe
993 4636 1097 4687 dat.
1483 4634 1536 4695 (⁸)
1569 4633 1632 4683 E.
1666 4632 1789 4684 facit
1820 4636 2071 4697 impetum
2105 4635 2159 4683 in
2190 4635 2378 4697 pineta.

783 4742 857 4786 lv.
2535 4739 2581 4780 11
