3734 5567
917 478 1057 545 300
1697 491 2105 545 commun
2156 491 2486 545 mmmm

914 636 1102 711 niter
1152 639 1622 730 exponenteS,
1663 634 1861 728 quod
1895 654 2029 729 per
2078 635 2447 709 Bacchum
2482 639 2697 729 poeta
2733 631 3061 727 intelligit
3096 631 3251 706 elo·

912 757 1312 852 quendam,
1367 776 1535 850 quae
1585 757 1972 849 hucusque
2022 755 2310 830 suffecit
2359 754 2541 849 sibi3
2594 773 2793 828 nunc
2835 761 3089 827 autem
3140 752 3256 825 in-

908 878 1106 974 diget
1155 878 1504 972 sapientia
1555 897 1723 972 quae
1772 896 1907 971 per
1947 876 2353 972 Apollinem
2388 875 2775 971 figuratur.
2818 874 2959 949 Sed
3001 880 3257 968 parcat

910 999 1085 1073 mibi
1127 998 1541 1073 reverentia
1567 997 1826 1072 talium
1853 996 2264 1091 sapientum
2297 996 2425 1089 qui
2450 1015 2716 1070 vanam
2756 994 3249 1068 ratiunculam

908 1119 1304 1211 adducunt,
1343 1117 1686 1211 dicentes,
1737 1115 1938 1210 quod
1987 1115 2243 1189 vinum
2279 1115 2445 1189 facit
2496 1114 2824 1211 linguam
2862 1113 3250 1207 disertam3

911 1259 1083 1312 nam
1153 1237 1311 1312 talis
1379 1237 1795 1331 eloquentia
1864 1256 2012 1310 non
2064 1242 2176 1311 est
2241 1235 2655 1329 artificialis,
2716 1254 2853 1309 nec
2919 1241 3253 1309 meretur

912 1357 1231 1432 laudem.
1269 1357 1444 1431 Dico
1479 1376 1661 1452 ergo
1696 1356 1893 1450 quod
1919 1377 2052 1451 per
2083 1354 2484 1450 Apollinem
2523 1362 2597 1430 et
2629 1356 2997 1429 Bacchum
3034 1361 3253 1428 autor

912 1478 1243 1576 intelligit
1274 1499 1505 1551 unum
1542 1483 1617 1552 et
1649 1476 1998 1551 eumdem
2033 1475 2257 1551 deum
2303 1476 2440 1549 sub
2474 1475 2778 1550 diversis
2811 1474 3251 1568 nominibus,

912 1598 1101 1673 sicut
1149 1596 1438 1672 curiose
1487 1601 1562 1671 et
1612 1595 1906 1691 copiose
1953 1596 2407 1670 demonstrat
2455 1594 2863 1668 Macrobius
2904 1593 3089 1668 libro
3122 1593 3255 1667 Sa-

910 1718 1338 1812 turnalium,
1390 1716 1518 1790 ubi
1567 1715 1738 1790 dicit
1786 1715 1977 1790 inter
2034 1715 2177 1790 alia
2241 1714 2496 1808 multa,
2558 1714 2763 1809 quod
2819 1714 2925 1788 sol
2990 1733 3254 1788 cursus

910 1839 1290 1914 stellarum
1351 1844 1425 1911 et
1484 1836 1814 1910 ordinem
1877 1856 2135 1911 rerum
2200 1836 2700 1909 humanarum
2765 1835 2883 1909 vel
2945 1833 3255 1929 disponit

915 1960 1033 2034 vel
1083 1957 1473 2054 significat3
1526 1956 1690 2031 ideo
1741 1966 1978 2051 poetae
2026 1956 2332 2031 effectus
2380 1956 2550 2029 solis
2613 1956 2857 2029 varios
2915 1956 3055 2030 sub
3123 1974 3256 2028 no-

912 2078 1113 2152 mine
1162 2077 1626 2150 diversorum
1679 2075 1991 2149 deorum
2047 2080 2509 2149 notaverunt.
2562 2074 2943 2149 Potissime
3000 2079 3251 2149 autem

912 2198 1063 2271 duo
1099 2196 1394 2270 nomina
1429 2196 1841 2269 attribuunt
1874 2195 2032 2289 soli,
2066 2195 2357 2289 scilicet,
2392 2194 2793 2289 Apollinem
2832 2201 2907 2268 et
2939 2194 3251 2269 liberum

915 2317 1326 2390 Bacchum:
1379 2317 1608 2390 solem
1666 2314 1963 2411 quidem
2015 2322 2284 2390 vocant
2313 2315 2743 2410 Apollinem,
2780 2315 2853 2389 in
2889 2322 3249 2410 quantum

914 2434 1222 2508 infundit
1273 2434 1724 2509 intellectum
1774 2435 2145 2530 sapientiae
2196 2435 2564 2509 mentibus
2613 2435 3036 2528 hominum3
3071 2436 3257 2509 Bac-

915 2556 1136 2629 chum
1174 2575 1375 2649 vero,
1418 2555 1493 2629 in
1527 2561 1887 2650 quantum
1939 2555 2275 2650 producit
2309 2555 2614 2629 effectus
2657 2575 2915 2629 rerum
2950 2560 3257 2629 natura-

915 2676 1117 2749 lium.
1179 2676 1390 2762 Quod
1445 2682 1697 2751 autem
1749 2676 2004 2771 Apollo
2045 2683 2120 2750 et
2172 2676 2501 2749 Bacchus
2551 2675 2641 2749 sit
2690 2697 2885 2749 unus
2938 2682 3011 2751 et
3062 2677 3255 2751 idem

912 2796 1097 2871 deus
1146 2797 1408 2891 probat
1456 2796 1863 2871 Macrobius
1923 2816 2058 2892 per
2122 2795 2792 2871 manifestissimum
2854 2817 3259 2894 argumen-

912 2921 1097 3010 tum,
1166 2916 1460 2990 dicens:
1524 2916 1720 3010 quod
1779 2916 2009 2990 Beotii
2078 2916 2485 2989 Parnasum
2559 2922 2888 2990 montem
2949 2917 3257 3012 Apollini

911 3042 1421 3110 consecratum
1465 3040 1988 3128 memoranteS‚
2025 3034 2245 3108 simul
2284 3039 2534 3108 tamen
2568 3034 2643 3107 in
2677 3035 2935 3111 eodem
2973 3044 3050 3111 et
3088 3059 3262 3113 ora-

913 3155 1166 3227 culum
1219 3154 1631 3249 delphicum
1685 3162 1761 3229 et
1808 3155 2193 3248 speluncas
2242 3153 2624 3228 bacchicas
2692 3155 2818 3228 uni
2879 3156 3020 3231 deo
3085 3177 3260 3231 con-

913 3279 1233 3347 secratas
1285 3274 1566 3367 colunt3
1622 3273 1817 3348 unde
1867 3271 2173 3368 Apollini
2224 3280 2299 3347 et
2348 3272 2580 3347 libero
2629 3274 2816 3369 patri
2870 3275 2945 3347 in
2995 3275 3256 3351 eodem

914 3401 1166 3466 monte
1217 3412 1336 3465 res
1386 3392 1628 3466 divina
1677 3392 2121 3487 celebratur,
2169 3390 2368 3486 quod
2404 3397 2715 3467 testatur
2755 3392 2992 3484 Varro
3025 3400 3100 3468 et
3136 3394 3259 3468 alii

916 3512 1174 3606 multi3
1211 3510 1408 3586 unde
1442 3511 1775 3607 Orpheus
1809 3532 2021 3586 sacer
2053 3519 2270 3607 poeta
2305 3512 2379 3586 in
2413 3512 2640 3586 sacris
2674 3513 3094 3589 liberalibus
3127 3515 3257 3588 de-

914 3639 1274 3705 monstrat
1307 3632 1619 3707 liberum
1648 3638 1932 3727 patrem
1971 3639 2045 3706 et
2079 3632 2308 3706 solem
2337 3651 2499 3705 esse
2525 3654 2761 3706 unum
2799 3641 2874 3708 et
2906 3634 3256 3709 eumdem

912 3753 1176 3827 deum:
1231 3753 1559 3828 similiter
1592 3751 1936 3849 Virgilius
1971 3752 2044 3826 in
2078 3751 2462 3847 prohemio
2495 3752 3051 3849 Georgicorum.
3087 3754 3258 3829 Ideo

912 3872 1101 3947 bene
1149 3873 1327 3968 petit
1377 3873 1576 3968 quod
1624 3873 1777 3968 ipse
1819 3872 1947 3967 qui
1980 3871 2179 3946 dedit
2211 3870 2346 3944 sibi
2383 3871 2606 3945 vitam
2644 3872 2768 3947 det
2802 3874 3255 3968 sapientiam.

912 4033 1011 4047 —
1042 3999 1291 4068 Eutra.
1345 3995 1475 4069 Hic
1537 3994 1806 4069 Dantes
1873 3993 2217 4088 implorat
2287 3992 2758 4088 singulariter
2821 4014 3256 4088 supremum

910 4114 1240 4187 favorem
1292 4114 1657 4209 Apollinis,
1692 4120 1768 4189 et
1805 4113 1985 4208 petit
2027 4118 2110 4184 ut
2145 4113 2477 4187 infundat
2516 4113 2851 4207 spiritum
2888 4113 3260 4209 sapientiae

911 4232 985 4304 in
1037 4252 1209 4306 eum
1252 4233 1778 4328 perfectissimo
1819 4231 2064 4325 modo,
2114 4231 2301 4305 sicut
2344 4225 2871 4307 olim'ostendit
2905 4232 3256 4308 virtutem

913 4352 1281 4447 sapientiae
1332 4373 1488 4428 suae
1548 4363 1804 4429 contra
1869 4351 2268 4446 quemdam
2331 4373 2606 4428 vanum
2673 4353 3101 4448 superbum.
3151 4352 3260 4427 Ad

910 4473 1122 4547 cuius
1190 4471 1294 4546 rei
1362 4472 1911 4570 intelligentiam
1991 4477 2281 4566 oportet
2348 4472 2723 4567 praescire,
2794 4472 2995 4568 quod
3068 4473 3259 4547 hanc

910 4591 1274 4666 fictionem
1331 4591 1560 4687 tangit
1608 4592 1907 4667 Ovidius
1948 4591 2318 4666 succincte
2370 4593 2460 4666 VI
2508 4592 2821 4686 MaioriS‚
2876 4590 3003 4667 sed
3041 4590 3255 4665 diffu-
