3734 5567
1253 478 1528 534 CANTUs
1577 481 1959 535 vlonsmus
2008 480 2332 534 TER-ruffi.
2841 468 2931 534 55

587 626 851 717 qrazia
903 627 992 696 m’
1019 618 1061 697 e*
1102 631 1390 718 questa?
1439 625 1650 718 quasi
1710 625 1900 700 dicat
1959 625 2328 718 mirabiliS,
2392 625 2590 718 quod
2641 626 2930 702 videam

589 752 665 820 te
714 746 832 820 hic
882 745 1160 839 vivum,
1198 750 1272 819 et
1306 744 1628 820 inaudita
1662 746 1900 842 gratia
1935 752 2045 820 est
2077 746 2248 821 data
2288 745 2435 820 tibi.
2465 787 2564 799 —
2589 749 2760 820 Mai.
2804 748 2936 823 Hic

584 873 803 964 poeta
855 866 1167 941 ostendit
1226 867 1541 959 qualiter
1613 867 2124 963 recognoverit
2185 887 2384 961 eum,
2435 866 2720 942 dicens:
2783 871 2938 941 Mai

583 1008 728 1061 non
780 990 826 1059 l’
853 989 1052 1060 avrea·
1105 989 1565 1060 nconosciuto
1616 990 1694 1059 al
1740 990 1915 1076 υἰεο,
1977 986 2076 1061 ita
2127 991 2289 1090 erat
2338 985 2927 1061 transformatus.

585 1107 673 1180 Et
724 1106 840 1181 hic
894 1112 1087 1201 nota,
1142 1106 1340 1200 quod
1398 1114 1613 1202 poeta
1674 1107 1940 1182 merito
1995 1105 2198 1202 fingit
2257 1106 2456 1200 quod
2515 1127 2927 1201 numquam

590 1227 1136 1324 recognovisset
1185 1227 1407 1300 istum
1459 1228 1551 1301 ad
1603 1228 1880 1301 visum:
1915 1247 2048 1323 per
2080 1228 2221 1301 hoc
2256 1228 2507 1302 volens
2542 1227 2785 1302 dicere
2818 1234 2933 1301 ta-

586 1348 729 1422 cite
779 1347 977 1441 quod
1028 1346 1389 1443 ingluvies
1440 1348 1716 1422 ventris
1766 1347 2087 1419 multum
2149 1352 2224 1421 et
2282 1346 2427 1420 cito
2490 1352 2933 1423 transmutat

586 1467 902 1543 formam
966 1467 1297 1541 hominis.
1376 1466 1583 1542 Unde
1640 1466 2120 1558 DomitianuS,
2189 1466 2315 1559 qui
2377 1465 2620 1539 fuerat
2677 1468 2933 1562 pulcer

579 1588 899 1684 juveniS,
927 1587 1160 1662 factus
1193 1586 1542 1661 deformis
1575 1587 1864 1661 calvitio
1900 1586 2151 1682 capitis
2178 1592 2253 1659 et
2277 1585 2720 1681 pinguedine
2750 1606 2934 1660 ven-

588 1709 742 1803 tris,
773 1706 1023 1782 scribit
1067 1707 1161 1782 ad
1210 1707 1536 1781 amicum
1590 1706 1785 1801 quod
1823 1705 1995 1779 nihil
2048 1711 2157 1779 est
2206 1705 2513 1801 gratius,
2549 1705 2723 1778 nihil
2757 1706 2936 1779 bre-

589 1830 750 1904 vius
785 1828 1294 1924 pulcritudine.
1333 1828 1420 1900 Et
1452 1826 1662 1901 dicit:
1692 1847 1810 1900 ma
1835 1818 1944 1899 cio
1973 1828 2093 1898 che
2118 1829 2164 1898 l’
2183 1833 2445 1918 aspecto
2484 1846 2612 1898 suo
2648 1829 2936 1899 m'avea

587 1952 943 2041 conquisO,
995 1948 1201 2041 idest,
1260 1949 1630 2022 clauserat
1687 1953 1760 2021 et
1836 1947 2206 2021 celaverat
2263 1945 2656 2042 cognitioni
2717 1968 2931 2042 meae,

591 2072 689 2142 mi
730 2071 812 2161 fu
850 2071 1114 2160 palese,
1168 2067 1459 2160 scilicet,
1497 2067 1661 2160 quis
1709 2073 1896 2159 erat,
1931 2069 2117 2139 nella
2168 2087 2356 2156 voce,
2399 2085 2569 2159 quae
2624 2086 2769 2140 non
2820 2074 2932 2141 est

586 2187 685 2261 ita
737 2188 829 2261 de
866 2187 1054 2262 facili
1098 2186 1668 2261 transmutabilis
1703 2186 1890 2260 sicut
1926 2185 2174 2280 facies3
2213 2186 2409 2260 unde
2442 2185 2653 2259 dicit:
2695 2193 2933 2278 questa

580 2310 886 2400 favella,·
915 2306 1248 2381 mirabile
1283 2312 1392 2380 est
1425 2306 1621 2400 quod
1647 2306 1939 2398 loquela
1955 2306 2236 2402 judicat
2261 2306 2352 2380 de
2378 2306 2676 2380 homine
2702 2307 2924 2381 etiam

584 2446 758 2500 cum
823 2447 971 2499 non
1034 2425 1324 2500 videtur
1355 2417 1455 2519 (¹),
1510 2427 1607 2497 mi
1651 2446 1956 2516 raccese,
2025 2424 2230 2518 idest,
2286 2426 2689 2521 renovavit,
2760 2434 2932 2501 tutta

514 2543 517 2544 ⁷
588 2550 732 2619 mia
779 2567 1237 2637 conoscenza,
1278 2567 1446 2640 quae
1498 2551 1661 2619 erat
1710 2545 2054 2640 extincta,
2097 2548 2247 2619 alla
2286 2547 2634 2619 cambiala
2670 2549 2928 2639 labbia,

588 2664 771 2739 idest
796 2658 897 2760 (²),
950 2667 1023 2739 in
1085 2665 1269 2741 facie
1319 2672 1624 2759 mutata,
1677 2687 1715 2737 e
1762 2667 2081 2739 ravvisai
2129 2668 2200 2738 la
2245 2668 2478 2758 faccia
2527 2668 2603 2738 di
2650 2672 2925 2740 For-ese.

586 2825 685 2838 —
709 2788 905 2858 Dela!
940 2785 1069 2859 Hic
1101 2791 1318 2881 poeta
1351 2785 1553 2879 ponit
1586 2784 1995 2859 orationem
2034 2784 2306 2858 Foresii
2339 2783 2434 2859 ad
2468 2805 2548 2859 se
2589 2786 2716 2879 qui
2750 2787 2930 2882 petit

586 2911 671 2978 ut
744 2904 937 2978 dicat
1011 2904 1136 2998 qui
1212 2911 1385 2978 sunt
1460 2904 1608 2978 duo
1684 2903 1910 2978 duces
1970 2904 2130 2977 eius
2197 2924 2343 2977 non
2417 2909 2692 2980 attenta
2768 2906 2930 2981 eius

585 3023 822 3120 figura
874 3023 973 3098 ita
1028 3022 1544 3097 transformata
1575 3012 1671 3114 (³).
1724 3021 1909 3097 Dicit
1973 3042 2194 3118 ergo:
2255 3029 2330 3096 et
2384 3023 2504 3097 ille
2561 3023 2924 3120 ForesiuS,

574 3164 901 3236 pregava
950 3164 1083 3235 me,
1135 3143 1471 3236 Dantem,
1525 3142 1771 3216 dicens
1820 3142 2325 3238 deprecative:
2380 3144 2576 3215 Dela!
2624 3164 2769 3216 non
2818 3151 2930 3219 αι-

584 3267 886 3354 tendere,
939 3264 1143 3358 idest,
1198 3284 1332 3358 pro
1399 3264 1553 3338 Deo
1612 3283 1758 3336 non
1820 3261 2183 3356 advertas,
2236 3265 2354 3335 all’
2382 3265 2673 3336 asciulta
2732 3266 2932 3339 scab-

584 3386 724 3478 bia,
777 3384 982 3479 idest,
1034 3384 1127 3457 ad
1177 3383 1444 3458 siccam
1498 3383 1809 3457 maciem
1843 3372 1961 3476 (ἥς
2003 3384 2123 3455 che
2163 3386 2261 3456 mi
2301 3387 2582 3456 scolora
2628 3388 2700 3458 la
2726 3388 2928 3478 pelle,

585 3504 787 3599 idest,
840 3504 1008 3578 facit
1039 3495 1112 3596 (⁵)
1169 3524 1290 3578 me
1339 3502 1688 3599 pallidum
1742 3503 1814 3576 in
1868 3503 2076 3596 facie,
2110 3500 2203 3577 ne*
2245 3525 2293 3576 α
2333 3507 2568 3598 diseno
2603 3506 2678 3577 di
2710 3526 2928 3578 carne

589 3628 692 3698 clt'
719 3628 788 3697 io
847 3624 1081 3715 abbia,
1150 3643 1281 3717 per
1350 3628 1583 3698 totum
1655 3642 1964 3717 corpus3
2026 3623 2235 3716 quasi
2295 3622 2536 3697 dicat:
2606 3644 2788 3720 rogo
2858 3632 2930 3698 te

586 3765 733 3818 non
783 3742 1192 3838 dedigneris
1229 3742 1426 3836 loqui
1466 3762 1784 3836 mecum,
1838 3741 2007 3816 licet
2059 3742 2304 3816 videas
2362 3763 2486 3815 me
2537 3742 2634 3817 ita
2686 3742 2929 3817 horri-

586 3863 821 3937 biliter
880 3861 1506 3936 transformatum.
1562 3861 1714 3934 Hoc
1774 3860 1939 3935 ideo
1998 3859 2286 3935 dicebat
2350 3860 2693 3935 Foresius
2751 3861 2925 3955 quia

584 3981 850 4056 Dantes
901 3980 1333 4076 respiciebat
1384 4000 1559 4054 eum
1615 3979 1780 4072 fixe,
1827 3999 1974 4053 non
2027 3999 2118 4053 ex
2172 3984 2597 4075 contemptu
2650 3979 2776 4054 sed
2827 4001 2921 4055 ex

584 4100 1062 4194 condolentia,
1116 4106 1199 4172 ut
1259 4099 1499 4174 statim
1555 4098 1845 4194 patebit.
1911 4098 2092 4173 Dicit
2142 4119 2362 4195 ergo:
2425 4120 2545 4172 ma
2603 4102 2846 4175 dimmi
2878 4104 2933 4174 ’l

588 4243 710 4296 ver
759 4224 836 4295 di
883 4227 969 4313 te,
996 4220 1287 4313 scilicet,
1317 4219 1691 4312 quomodo
1723 4223 1805 4292 tu
1842 4218 1944 4293 ita
1979 4219 2233 4294 venisti
2274 4222 2442 4314 huc,
2477 4220 2675 4314 quod
2710 4243 2933 4296 num-

587 4361 810 4433 quam
860 4340 1194 4416 auditum
1246 4340 1380 4413 fuit
1430 4340 1522 4414 de
1570 4340 1714 4413 alio
1765 4339 2096 4434 vivente3
2139 4346 2214 4414 et
2247 4341 2493 4435 etiam,
2528 4344 2622 4414 di'
2655 4343 2764 4414 chi
2799 4363 2930 4414 son

708 4527 764 4591 (¹)
799 4533 905 4589 11⁷,
939 4529 1189 4579 videatur.
1379 4528 1435 4589 (ἦ
1468 4527 1529 4577 E.
1562 4527 1708 4588 idest,
1745 4525 1875 4577 facio
1907 4532 2123 4579 mutata.
2311 4527 2365 4590 (Ἴ
2399 4528 2460 4579 E.
2495 4533 2852 4579 transmutata.

712 4604 767 4667 (⁸)
802 4609 908 4666 11⁷,
941 4604 1182 4656 scabiem.
1380 4603 1436 4667 (⁸)
1467 4603 1530 4654 E.
1563 4617 1678 4668 quae
1710 4603 1835 4653 facit
1863 4603 2156 4668 squalidum
2188 4605 2240 4654 in
2271 4604 2420 4655 facie.
