3734 5567
1122 518 1399 574 CANTUS
1447 518 1878 572 TRIGESIMUS
1924 518 2248 571 TERTIUS.
2714 505 2857 570 275

509 665 706 741 enim
759 671 931 740 sunt
962 663 1120 738 deae
1155 662 1492 756 fontium,
1528 661 1738 756 quasi
1790 661 2019 736 dicat:
2056 660 2199 734 cito
2234 666 2579 736 nascetur
2625 659 2861 736 dictus

508 785 909 881 imperator
960 803 1338 878 romanus,
1390 785 1509 855 che
1556 785 1982 856 solveranno
2018 787 2250 873 questo
2291 784 2593 854 enimma
2629 785 2818 875 forte
2838 809 2861 856 .·

511 905 824 1001 aenigma
876 904 1173 999 quidem
1226 908 1336 977 est
1386 902 1622 978 oratio
1674 907 1804 978 aut
1854 900 2332 996 impossibiliS‚
2375 908 2506 975 aut
2553 901 2863 977 difficilis

510 1024 602 1098 ad
638 1045 873 1098 unum
911 1024 1231 1117 aliquem
1267 1028 1557 1097 certum
1594 1021 2072 1115 intellectum,
2113 1026 2194 1093 ut
2232 1021 2402 1095 dicit
2440 1021 2864 1098 Aristoteles

512 1144 588 1218 in
640 1144 784 1218 fine
834 1164 988 1217 suae
1040 1142 1376 1238 poetriae;
1429 1142 1593 1216 ideo
1643 1142 1834 1216 bene
1887 1149 2100 1236 poeta
2147 1142 2461 1238 appellat
2510 1142 2702 1217 istud
2752 1143 2863 1216 di-

514 1269 717 1337 ctum
768 1262 1079 1337 difficile.
1133 1262 1221 1334 Et
1270 1261 1440 1336 dicit
1491 1261 1832 1337 Averrois
1884 1261 1980 1335 ibi
2026 1261 2223 1355 quod
2272 1260 2463 1334 istud
2514 1262 2862 1355 frequen-

515 1389 628 1457 ter
679 1382 1050 1457 invenitur
1101 1381 1294 1477 apud
1329 1389 1582 1477 poetas
1615 1381 1952 1455 arabum.
1990 1382 2078 1454 Et
2112 1381 2314 1455 dicit:
2357 1402 2584 1454 sanza
2618 1386 2863 1456 danno

515 1504 591 1575 di
632 1522 886 1594 pecore
933 1524 972 1575 e
1020 1505 1097 1576 di
1144 1503 1373 1592 binde,
1425 1501 1753 1595 loquitur
1789 1501 2033 1575 adhuc
2067 1500 2550 1598 aenigmatice,
2595 1508 2672 1577 et
2705 1504 2863 1576 vult

516 1620 761 1695 dicere
812 1621 1010 1713 quod
1061 1620 1205 1695 cito
1258 1620 1839 1696 manifestabitur
1891 1620 2165 1694 dictum
2210 1641 2430 1694 suum
2468 1641 2598 1715 per
2635 1642 2862 1718 expe-

517 1741 854 1815 rientiam
907 1742 1099 1835 facti,
1153 1741 1251 1815 ita
1305 1740 1504 1834 quod
1566 1760 1714 1814 non
1779 1739 2116 1834 expediet
2146 1732 2219 1832 (¹)
2280 1740 2655 1833 inquirere
2720 1742 2863 1816 fata

521 1861 595 1934 in
645 1861 831 1935 extis
879 1860 1334 1955 animalium,
1384 1851 1677 1952 sicut(²)
1727 1859 2033 1956 gentiles
2098 1859 2272 1934 olim
2325 1860 2684 1936 faciebant
2735 1862 2863 1955 qui

521 1980 1001 2054 immolabant
1053 1980 1384 2054 victimas
1432 1979 1685 2053 ovium
1716 1970 1791 2072 (³)
1843 1985 1918 2054 et
1969 1979 2337 2074 ponebant
2371 1979 2623 2076 fruges
2674 1980 2865 2055 inter

524 2119 806 2174 cornua
856 2099 1073 2193 tauri,
1118 2120 1340 2194 quem
1398 2099 1814 2174 mactabant
1878 2100 1951 2172 in
2015 2096 2370 2174 sacrificio
2435 2099 2622 2175 sicut
2681 2100 2865 2175 scri-

528 2219 630 2293 bit
680 2220 1020 2293 Lucanus
1068 2218 1160 2293 de
1208 2221 1490 2293 Arunte
1542 2238 1812 2315 magno
1846 2239 2157 2314 augure.
2196 2217 2368 2292 Vult
2400 2239 2583 2315 ergo
2620 2219 2865 2294 dicere

525 2338 722 2433 quod
786 2359 931 2412 non
997 2337 1139 2413 erit
1195 2357 1380 2432 opus
1437 2337 1757 2434 augurio
1821 2338 1938 2413 vel
2003 2337 2356 2412 sacrificio
2416 2338 2510 2412 ad
2570 2338 2867 2413 investi-

431 2435 448 2451 ’
522 2458 846 2555 gaudum
892 2456 1090 2552 quod
1123 2457 1539 2553 praedicitur
1583 2459 1721 2552 hic,
1759 2458 1934 2552 quia
1966 2458 2110 2532 cito
2160 2478 2293 2553 per
2326 2479 2406 2533 se
2446 2459 2740 2553 patebit.
2770 2473 2869 2513 ⁴—-

535 2583 655 2651 Tu.
718 2578 848 2650 Hic
910 2584 1124 2671 poeta
1183 2576 1385 2671 ponit
1447 2583 1895 2672 proeceptum
1960 2577 2307 2654 Beatricis
2373 2577 2467 2651 ad
2532 2598 2613 2652 se
2672 2578 2869 2653 circa

525 2695 870 2791 praedicta
925 2694 1274 2770 tradenda
1324 2695 1705 2770 memoriae
1754 2697 1847 2770 ad
1899 2695 2284 2770 utilitatem
2330 2696 2734 2771 viventium
2764 2684 2870 2789 (⁴),

525 2815 808 2890 dicens:
862 2821 961 2888 Tu
1000 2822 1197 2906 nota,
1238 2815 1409 2909 quia
1446 2816 1761 2914 notanda
1797 2823 1992 2910 sunt,
2033 2838 2071 2888 e
2107 2836 2354 2906 seona,
2389 2815 2592 2910 idest,
2629 2816 2870 2913 signes

525 2937 643 3012 vel
691 2936 957 3010 doceas
1009 2943 1238 3027 queste
1273 2938 1559 3028 parole,
1599 2936 2042 3031 prophetica,
2079 2940 2148 3008 a’
2176 2939 2315 3009 vivi
2320 2964 2352 3031 ,·
2387 2943 2461 3011 et
2499 2935 2869 3031 restringit

526 3055 804 3130 dictum
853 3077 1073 3128 suum
1110 3055 1394 3130 dicens:
1434 3059 1549 3129 del
1579 3059 1772 3129 viver
1804 3059 1907 3129 ch’
1926 3053 1969 3130 e*
1995 3077 2091 3129 un
2122 3078 2408 3131 correre
2441 3060 2588 3130 alla
2621 3064 2870 3147 morte,

530 3194 698 3268 quae
749 3179 860 3247 est
899 3174 1238 3248 vivorum
1293 3174 1690 3269 corruptio,
1743 3175 1950 3268 quasi
2012 3175 2226 3269 dicat,
2277 3176 2339 3249 si
2381 3181 2715 3250 nostrum
2762 3176 2873 3251 vi-

530 3313 711 3368 vere
775 3298 1010 3386 potest
1076 3291 1213 3367 dici
1285 3293 1576 3387 vivere3
1640 3300 1715 3369 et
1777 3294 1987 3369 dicit:
2054 3288 2117 3369 si
2172 3316 2365 3370 come
2426 3298 2522 3371 da
2579 3318 2687 3369 me
2742 3317 2876 3370 son

520 3420 753 3505 porte,
791 3412 1059 3487 scilicet
1111 3411 1261 3506 tibi,
1298 3412 1507 3506 quasi
1557 3412 1750 3487 dicat
1793 3414 2045 3488 tacite:
2098 3415 2294 3489 refer
2329 3415 2745 3490 hominibus
2780 3416 2875 3491 de

532 3532 809 3607 mundo
846 3539 974 3606 tuo
1024 3531 1255 3606 verba
1308 3553 1471 3607 mea
1526 3531 1599 3606 in
1652 3552 1741 3606 ea
1791 3533 2028 3608 forma
2083 3556 2229 3628 qua
2281 3534 2472 3609 dicta
2521 3542 2693 3609 sunt
2743 3557 2875 3631 per

534 3673 677 3746 me,
707 3652 913 3745 quasi
949 3651 1176 3726 dicat:
1212 3650 1310 3725 ita
1346 3651 1662 3726 obscure
1696 3652 1885 3727 sicut
1926 3652 2242 3728 obscure
2275 3653 2457 3748 dixi3
2494 3674 2631 3729 nec
2666 3675 2876 3749 quae-

535 3793 655 3846 ras
704 3770 1270 3846 declarationem
1330 3791 1375 3845 a
1439 3791 1559 3846 me
1620 3792 1843 3866 quam
1913 3771 2158 3847 facere
2224 3774 2412 3846 nolo.
2484 3773 2572 3846 Et
2634 3774 2878 3848 subdit

533 3890 730 3985 quod
798 3911 943 3965 non
1014 3890 1521 3985 praetermittat
1589 3911 1682 3966 ex
1750 3891 2115 3966 oblivione
2181 3890 2535 3967 offensam
2608 3893 2876 3968 factam

537 4010 861 4105 planctae,
912 4010 1205 4084 dicens:
1256 4015 1324 4083 et
1386 4013 1558 4102 ayyi
1620 4031 1668 4082 a
1736 4018 1981 4103 mente,
2034 4011 2441 4106 specialiter
2492 4011 2681 4086 inter
2731 4013 2876 4088 alia

536 4129 938 4223 scribenda,
990 4131 1275 4220 quando
1324 4135 1397 4203 tu
1431 4132 1492 4202 le
1523 4132 1761 4221 scr-ivi,
1797 4130 1932 4204 ista
1973 4130 2200 4205 verba
2237 4130 2578 4225 obscura,
2624 4135 2701 4206 di
2734 4152 2880 4205 non

537 4249 756 4338 celan·
803 4248 1008 4342 idest,
1060 4256 1331 4342 tacere,
1383 4253 1554 4341 qual
1597 4253 1718 4323 hai
1765 4253 1945 4324 vista
1994 4253 2070 4323 la
2102 4254 2382 4343 pianta,
2418 4251 2622 4348 idest,
2655 4254 2880 4328 arbo-

540 4385 700 4442 rem
752 4366 1089 4462 scientiae,
1141 4372 1243 4442 ch’
1268 4365 1310 4444 e*
1354 4390 1443 4441 or
1491 4372 1625 4442 due
1675 4372 1852 4443 volte
1895 4370 2222 4444 dir-ahala
2265 4373 2475 4463 quivi,
2512 4372 2750 4467 primo
2785 4374 2881 4448 ab

660 4552 717 4615 (¹)
750 4557 859 4615 11⁷,
890 4554 1109 4616 expedit.
1668 4553 1725 4618 (¹)
1757 4556 1819 4606 E.
1853 4556 1990 4607 sicut
2019 4561 2073 4607 et
2104 4558 2336 4621 gentiles.

659 4628 716 4692 (⁸)
748 4629 810 4680 Ε.
843 4642 1044 4681 eorum.
1669 4630 1725 4693 (⁴)
1754 4632 1818 4683 E.
1843 4632 2114 4697 iuvenum.
