3734 5567
875 468 1019 537 248
1598 479 2006 535 coMEN'rnu
2056 479 2494 534 PURGA'ronn

870 648 1177 724 pomum
1240 624 1600 719 optimum
1662 630 1919 698 contra
1983 644 2285 699 omnem
2353 624 2504 697 vim
2566 622 2852 716 veneni,
2907 623 3107 715 quod
3136 617 3210 715 (¹)

870 748 1090 822 habet
1126 764 1466 839 saporem
1511 742 1721 818 valde
1751 764 2140 838 amarum3
2178 743 2374 818 unde
2410 748 2626 818 curat
2660 743 2903 817 subito
2944 763 3216 837 pueros

869 869 1137 963 quibus
1188 864 1529 940 crudeles
1578 884 1920 939 novercae
1955 865 2316 939 dederunt
2351 885 2726 939 venenum
2761 864 3214 960 pestiferum.

870 989 959 1062 Et
1008 987 1110 1061 sic
1161 986 1327 1060 vide
1386 993 1748 1078 quantum
1806 986 2033 1060 arbor
2083 985 2241 1059 haec
2290 985 2780 1059 saluberrima
2831 986 3217 1061 conveniat

876 1127 1050 1182 cum
1086 1105 1357 1180 arbore
1391 1105 1546 1179 tali:
1576 1099 1818 1179 differt
1853 1111 2106 1179 tamen
2139 1103 2213 1177 in
2249 1105 2390 1178 hoc
2425 1104 2624 1197 quod
2655 1105 2882 1178 arbor
2907 1104 3217 1200 paradisi

874 1246 1008 1323 per
1041 1226 1499 1300 contrarium
1552 1230 1977 1300 nostrarum
2038 1224 2395 1298 arborum
2432 1244 2723 1319 semper
2764 1223 3219 1321 ingrossatur
3259 1302 3266 1308 ,

872 1344 1350 1421 ascendendo.
1391 1343 1574 1418 Dicit
1608 1364 1827 1439 ergo:
1881 1348 1984 1417 La
2018 1346 2288 1417 cln‘oma
2326 1364 2485 1433 sua,
2527 1342 2733 1437 idest,
2776 1364 3050 1418 corona
3093 1365 3217 1417 ra-

848 1464 1178 1539 ‘morum
1204 1464 1424 1537 huius
1448 1463 1755 1556 arboris,
1783 1465 1902 1536 che
1944 1470 2136 1536 tanto
2164 1458 2288 1555 piei
2312 1466 2376 1534 si
2399 1465 2646 1556 dilata,
2678 1462 2883 1557 idest,
2911 1444 3216 1558 amplia-

872 1590 1020 1677 tur,
1048 1590 1311 1676 quanto
1331 1578 1455 1674 pi&
1481 1579 1523 1655 e*
1541 1604 1650 1673 su,
1678 1582 1882 1676 idest,
1910 1581 2234 1656 ascendit
2259 1602 2581 1675 sursum,
2602 1586 2776 1676 sora
2809 1586 3214 1673 ammirata,

871 1709 1063 1780 esset
1111 1704 1432 1798 inspecta
1483 1723 1658 1776 cum
1710 1701 2215 1795 admiratione,
2258 1705 2449 1794 dayl’
2478 1704 2663 1794 Indi,
2704 1702 2908 1796 idest,
2949 1704 3042 1776 ab
3082 1703 3216 1776 illis

872 1825 966 1900 de
1025 1823 1249 1917 India,
1298 1827 1413 1897 nei
1460 1823 1691 1895 boschi
1748 1826 1861 1895 lor
1916 1842 2049 1915 per
2112 1825 2415 1915 altezza,
2475 1821 2683 1915 quasi
2744 1822 2956 1916 dicat,
3022 1822 3218 1915 quod

872 1945 992 2019 illa
1043 1944 1267 2018 arbor
1317 1962 1486 2035 quae
1545 1947 1657 2016 est
1712 1941 1929 2016 altior
1995 1942 2071 2014 in
2132 1940 2330 2015 India
2398 1947 2509 2016 est
2572 1942 2818 2016 brevis
2878 1947 3214 2037 respectu

875 2064 1101 2137 istius.
1153 2061 1240 2134 Et
1292 2060 1407 2133 hic
1457 2066 1628 2134 nota
1680 2060 1879 2153 quod
1929 2062 2087 2134 haec
2137 2069 2250 2135 est
2282 2060 2402 2134 illa
2443 2061 2666 2135 arbor
2703 2083 2747 2135 a
2783 2082 2931 2156 qua
2972 2061 3216 2135 excisa

874 2182 1011 2256 fuit
1060 2181 1178 2254 illa
1228 2180 1475 2272 arbor,
1512 2178 1605 2253 de
1639 2200 1788 2272 qua
1822 2179 2096 2253 dictum
2152 2186 2261 2254 est
2312 2180 2385 2253 in
2438 2180 2715 2255 circulo
2755 2182 3214 2276 gulosorum,

877 2319 1047 2393 quae
1096 2298 1318 2373 habet
1367 2303 1650 2391 partem
1714 2299 2170 2394 superiorem
2234 2300 2665 2394 ampliorem
2728 2300 2901 2393 quia
2962 2297 3216 2394 recipit

880 2404 1413 2492 nutrimentum
1484 2438 1529 2491 a
1591 2419 1802 2513 coelo,
1866 2419 1993 2492 ubi
2044 2419 2349 2493 arbores
2413 2425 2682 2493 nostrae
2750 2419 3109 2516 recipiunt
3170 2441 3215 2493 a

878 2544 1098 2613 terra.
1137 2538 1322 2611 Nota
1357 2536 1578 2611 etiam
1629 2538 1746 2612 hic
1797 2538 2018 2632 quod,
2061 2542 2246 2612 teste
2278 2537 2580 2633 Seneca,
2610 2539 2953 2635 Virgilius
2988 2537 3218 2636 magis

878 2657 1106 2732 voluit
1174 2656 1540 2732 delectare
1602 2658 1956 2732 lectorem
2026 2678 2250 2751 quam
2322 2658 2591 2733 docere
2663 2660 3084 2755 agricolam.
3122 2698 3219 2712 —

880 2783 1117 2851 Beato.
1198 2777 1328 2851 Hic
1402 2784 1617 2872 poeta
1676 2778 1849 2871 quia
1914 2777 2221 2872 dixerat,
2277 2779 2473 2872 quod
2550 2800 2808 2854 omnes
2871 2780 3219 2877 culpave-

877 2902 1044 2972 rant
1094 2896 1658 2972 inobedientiam
1709 2896 1906 2990 Adae,
1959 2918 2158 2972 nunc
2225 2897 2536 2972 ostendit
2588 2898 2902 2991 qualiter
2959 2917 3216 2971 omnes

873 3015 1583 3092 commendaverunt
1632 3015 2123 3091 obedientiam
2175 3017 2437 3092 Christi
2490 3016 2613 3111 qui
2669 3016 3048 3092 renovavit
3093 3038 3219 3092 ar·-

875 3136 1135 3209 borem
1188 3154 1415 3226 quam
1482 3134 1714 3208 Adam
1766 3135 2226 3229 spoliaverat.
2302 3135 2486 3209 Dicit
2554 3156 2781 3232 ergo:
2831 3143 3050 3211 Beato
3098 3140 3218 3229 se’,

874 3256 1142 3347 prison,
1193 3255 1312 3325 che
1359 3274 1504 3326 non
1551 3256 1871 3348 discindi,
1912 3254 2116 3348 idest,
2154 3254 2569 3351 disrumpis,
2604 3260 2718 3329 col
2746 3257 2971 3350 beccO,
3012 3256 3218 3350 quasi

878 3374 1092 3466 dicat,
1136 3373 1261 3465 qui
1299 3392 1444 3445 non
1476 3379 1750 3469 gustas,
1787 3377 1857 3447 α’
1874 3382 2015 3447 esto
2068 3378 2297 3467 leym,
2334 3374 2652 3450 scientiae
2691 3376 2862 3452 boni
2899 3386 2974 3451 et
3009 3376 3217 3470 mali;

878 3494 1017 3567 hoc
1075 3492 1244 3566 dicit
1302 3493 1477 3585 quia
1543 3493 1868 3568 Christus
1932 3495 2165 3570 factus
2235 3502 2346 3569 est
2413 3497 2758 3571 obediens
2826 3518 3065 3591 usque
3127 3495 3218 3570 ad

881 3618 1224 3705 mortem,
1259 3611 1382 3685 ubi
1419 3611 1650 3687 Adam
1693 3633 1839 3688 non
1890 3614 2025 3688 fuit
2062 3614 2408 3689 obediens
2445 3615 2574 3689 nisi
2612 3637 2745 3712 per
2779 3638 3052 3713 paucas
3088 3617 3219 3690 ho·

882 3752 1041 3826 ras;
1094 3731 1257 3806 ideo
1309 3731 1496 3808 bene
1545 3733 1756 3807 dicit:
1794 3736 1989 3807 dolce
2022 3738 2100 3808 al
2126 3741 2356 3826 gusto,
2398 3736 2526 3809 sed
2566 3756 2910 3811 amarum
2947 3735 3217 3829 ventri3

880 3850 1077 3925 unde
1126 3850 1332 3925 dicit:
1373 3854 1625 3944 poscia
1673 3855 1793 3926 che
1819 3855 1874 3926 'l
1919 3860 2155 3927 ventre
2197 3858 2346 3927 mal
2374 3856 2438 3927 si
2477 3860 2687 3949 lorse,
2728 3856 2930 3950 idest,
2965 3874 3220 3930 amare

879 3976 1269 4064 torquetur
1320 3976 1396 4044 et
1444 3976 1960 4066 tormentatur,
2012 3976 2279 4065 quincti,
2329 3974 2423 4047 ab
2475 3973 2598 4048 illo
2646 3982 2893 4071 gustu,
2936 3979 3019 4048 ut
3061 3976 3219 4071 jam

875 4091 1109 4186 patuit
1157 4090 1230 4163 in
1281 4090 1533 4185 primis
1584 4093 2032 4187 parentibus.
2079 4093 2167 4167 Et
2207 4094 2441 4191 tangit
2474 4094 2671 4170 unde
2713 4095 2993 4170 venerit
3030 4094 3223 4170 istud

874 4210 1150 4283 dictum
1215 4216 1289 4283 et
1355 4210 1814 4286 confirmatio
1877 4212 2068 4306 dicti,
2138 4212 2431 4288 dicens:
2496 4218 2599 4307 qli
2662 4219 2852 4310 altri,
2926 4215 3221 4311 scilicet,

876 4330 1093 4423 beati,
1133 4332 1488 4421 yn'daron
1535 4325 1701 4423 cosi,
1738 4330 1927 4405 sicut
1974 4333 2248 4408 dictum
2303 4341 2414 4409 est
2462 4334 2536 4407 in
2591 4336 2884 4411 laudem
2939 4338 3219 4434 gryphi,

1002 4584 1059 4648 (¹)
1090 4585 1153 4636 E.
1184 4585 1325 4649 qnod
1358 4598 1574 4649 pomum
1605 4587 1777 4639 habet.
