3734 5567
1288 517 1564 573 CANTUs
1614 517 1979 573 SEPTIMUS·
2674 504 2816 572 467

468 689 650 742 num
706 667 929 762 ipsius
981 663 1350 760 passioniS,
1403 664 1530 738 sed
1594 669 1674 736 ut
1743 662 2023 737 malum
2091 663 2374 737 Christo
2428 660 2819 758 inferrent3

468 794 543 863 et
593 788 690 861 ita
744 787 1002 861 eadem
1055 784 1315 879 passio,
1368 804 1538 879 quae
1585 783 1722 856 suit
1770 784 2010 856 bonus
2063 781 2221 855 finis
2271 783 2640 877 prophetis
2692 784 2820 878 qui

469 907 982 982 desiderabant
1030 905 1466 1001 passionem,
1504 904 1639 978 fuit
1682 905 1921 977 malus
1956 902 2119 977 finis
2141 903 2407 998 judaeis
2452 904 2579 996 qui
2629 906 2822 979 desi-

470 1027 827 1102 derabant
879 1026 1140 1101 Christi
1190 1025 1691 1099 offensionem.
1747 1022 2091 1096 Similiter
2151 1023 2210 1095 si
2276 1043 2472 1096 unus
2532 1024 2822 1099 furetur

477 1155 557 1220 ut
608 1146 992 1220 subveniat
1046 1145 1285 1238 matri,
1328 1144 1489 1217 finis
1540 1143 1714 1217 furti
1769 1143 2006 1216 malus
2057 1137 2167 1216 est
2183 1166 2202 1236 3
2257 1142 2429 1236 quia
2482 1145 2822 1237 quamvis

472 1268 563 1340 sit
613 1267 890 1339 bonum
945 1266 1340 1340 subvenire
1379 1263 1616 1355 matri,
1657 1270 1903 1336 tamen
1949 1264 2225 1335 malum
2263 1269 2371 1337 est
2408 1264 2600 1338 male
2643 1264 2822 1338 suh-

476 1387 746 1461 venire.
785 1384 1131 1459 Similiter
1165 1384 1223 1457 si
1258 1384 1519 1477 aliquis
1551 1383 1798 1479 dirigit
1831 1383 2169 1479 sagittam
2207 1375 2281 1475 (¹)
2324 1383 2396 1456 in
2447 1383 2704 1478 feram,
2742 1391 2825 1457 ut

475 1512 721 1601 pascat
771 1525 1173 1600 pauperem
1228 1510 1735 1600 aegrotantem,
1772 1509 1845 1577 et
1887 1503 2227 1577 interficit
2283 1503 2655 1578 hominem
2709 1506 2818 1577 la-

476 1632 750 1702 tentem
796 1627 867 1699 in
902 1627 1129 1722 sylva,
1163 1631 1373 1699 actus
1407 1631 1515 1699 est
1553 1623 1973 1698 meritorius
2009 1624 2124 1697 vel
2160 1623 2598 1699 indifferens.
2637 1625 2821 1699 Dicit

477 1765 656 1841 ergo
710 1746 782 1818 in
834 1746 1085 1820 litera:
1147 1737 1318 1837 pero
1375 1748 1444 1817 α’
1470 1765 1567 1817 un
1632 1751 1775 1817 atto
1835 1746 2024 1816 uscir
2089 1765 2246 1817 cose
2303 1747 2599 1840 diverse,
2671 1746 2821 1820 imo

475 1866 884 1959 contrariae,
937 1867 1038 1937 ck’
1064 1887 1113 1938 a
1162 1867 1301 1938 Dio
1351 1872 1414 1937 et
1461 1867 1537 1936 ai
1582 1867 1815 1955 qiudei
1856 1867 2151 1956 piaeque
2191 1886 2338 1937 una
2388 1873 2633 1960 morte,
2675 1866 2816 1940 sci·-

478 1986 641 2061 licet
674 1985 957 2079 Christi,
1001 1987 1153 2059 Deo
1187 1985 1484 2078 quidem
1517 1985 1741 2080 juste,
1767 1984 2032 2080 judaeis
2076 2005 2252 2058 vero
2302 1985 2612 2060 iniuste:
2657 1986 2822 2061 ideo

476 2106 682 2180 dicit:
747 2127 881 2198 per
948 2108 1058 2196 lei,
1111 2104 1380 2179 scilicet
1446 2111 1761 2178 mortem
1825 2103 2111 2197 Christi,
2180 2097 2401 2177 tremo
2467 2108 2541 2178 la
2599 2113 2822 2198 tem-a,

479 2228 650 2321 quia
700 2232 1168 2301 terraemotus
1220 2225 1454 2298 factus
1505 2231 1640 2318 est,
1691 2231 1763 2298 et
1815 2224 2060 2318 etiam,
2113 2247 2151 2296 e
2196 2226 2252 2297 il
2297 2228 2427 2298 ciel
2470 2228 2817 2319 s'aperse,

477 2348 673 2442 quod
726 2351 889 2422 erat
937 2347 1272 2420 clausum
1320 2346 1649 2440 patribus
1682 2345 2020 2438 antiquis
2059 2345 2146 2418 Et
2177 2345 2545 2420 declarata
2590 2345 2824 2440 prima

478 2473 687 2562 parte
737 2466 961 2558 dubii,
1012 2466 1282 2541 scilicet
1333 2466 1705 2559 quomodo
1766 2467 1981 2561 culpa
2021 2461 2258 2560 'primi
2319 2468 2638 2561 parentis
2689 2468 2826 2541 suit

470 2588 671 2683 juste
712 2586 1070 2660 vindicata
1106 2607 1237 2681 per
1270 2593 1586 2660 mortem
1630 2586 1918 2680 Christi,
1953 2581 2273 2662 declarat
2307 2588 2615 2661 alteram
2651 2608 2825 2682 par-

481 2713 655 2800 tem,
707 2705 999 2800 scilicet,
1051 2706 1422 2799 quomodo
1474 2706 1624 2800 ipsa
1682 2728 1881 2781 mors
1929 2706 2192 2780 Christi
2258 2699 2581 2799 fuerit(²)
2623 2706 2825 2801 juste

479 2828 836 2903 vindicata
890 2847 1020 2921 per
1069 2827 1352 2920 Titum3
1409 2827 1603 2901 unde
1653 2826 1862 2901 dicit:
1916 2848 2061 2900 non
2096 2830 2146 2900 ci
2184 2830 2307 2900 dee
2356 2831 2640 2899 oramai
2676 2848 2820 2919 pa-

476 2970 602 3022 rer
635 2943 757 3041 piel
785 2952 997 3041 forte,
1035 2946 1238 3040 idest,
1275 2946 1566 3020 difficile
1599 2946 1693 3020 ad
1728 2946 2202 3040 credendum,
2240 2949 2524 3038 quando
2555 2949 2619 3018 si
2650 2948 2825 3037 dice,

481 3069 553 3141 in
603 3067 921 3161 capitulo
972 3066 1432 3161 praecedenti‚
1484 3070 1603 3139 che
1659 3069 1890 3157 qiusla
1955 3069 2290 3156 vendetta,
2352 3066 2554 3160 idest,
2625 3086 2828 3139 mors

481 3186 763 3281 Christi,
826 3189 908 3279 fu
959 3190 1203 3279 poscia
1272 3189 1622 3278 venyiata,
1694 3186 1911 3281 idest,
1973 3186 2359 3281 vindicata,
2428 3189 2528 3260 da
2597 3189 2828 3278 musta

481 3313 692 3396 corte,
743 3306 1035 3399 scilicet,
1086 3327 1415 3380 romana.

630 3430 754 3499 Μα
801 3430 873 3499 io
922 3430 1188 3518 ve99i0.
1243 3428 1383 3499 Ista
1419 3432 1529 3500 est
1569 3427 1892 3501 secunda
1943 3448 2113 3522 pars
2147 3428 2535 3523 generalis,
2572 3428 2645 3500 in
2683 3447 2829 3522 qua

486 3544 751 3618 Dantes
801 3544 1089 3618 discutit
1139 3545 1335 3618 aliud
1386 3544 1694 3617 dubium
1767 3545 1965 3639 quod
2025 3547 2350 3620 nascitur
2419 3567 2511 3621 ex
2563 3547 2827 3641 primo.

484 3665 571 3737 Et
620 3665 860 3758 primo
908 3664 1243 3759 proponit
1294 3665 1529 3759 ipsum
1600 3665 1911 3740 dubium
1965 3665 2038 3738 in
2088 3667 2489 3760 communi,
2540 3667 2828 3742 dicens:

482 3803 604 3856 ma
650 3788 721 3855 io
771 3787 1017 3874 veqqio
1066 3804 1155 3856 or
1207 3787 1280 3857 la
1330 3793 1448 3857 tua
1483 3792 1702 3858 mente
1733 3788 2068 3875 ris-trena,
2107 3786 2312 3878 idest,
2355 3787 2623 3861 iterum
2662 3788 2832 3860 stri-

480 3908 699 3997 ctam,
752 3923 925 3977 cum
979 3909 1168 3977 esset
1217 3904 1477 4000 soluta,
1530 3905 1900 3980 declarato
1953 3905 2190 4000 primo
2242 3905 2488 3999 dubio,
2534 3910 2610 3981 di
2651 3927 2829 4000 pen-

402 4095 405 4100 .
480 4027 620 4097 sier
666 4028 741 4098 in
785 4027 1065 4117 pensier
1114 4026 1362 4098 dentro
1414 4029 1514 4099 ad
1541 4046 1637 4098 un
1670 4030 1887 4118 nod0,
1927 4026 2131 4121 idest,
2167 4026 2457 4101 difficile
2488 4026 2830 4124 dubium,

481 4142 596 4215 del
640 4147 828 4234 qual,
881 4144 1153 4220 scilicet
1203 4165 1398 4219 novo
1448 4145 1696 4239 dubio,
1734 4149 2074 4238 s’aspeua
2112 4150 2407 4240 solvere,
2454 4167 2587 4241 per
2630 4150 2832 4223 solu-

484 4259 755 4336 tionem
810 4283 1076 4359 meam,
1111 4285 1245 4337 con
1294 4286 1486 4356 ,oran
1521 4268 1726 4357 disiO,
1762 4266 1934 4359 quia
1974 4287 2328 4361 magnum
2366 4274 2476 4340 est
2515 4266 2825 4343 dubium

485 4377 675 4452 istud
726 4381 1153 4455 secundum.
1209 4384 1297 4457 Et
1346 4385 1656 4479 explicat
1708 4385 1948 4479 ipsum
2011 4386 2082 4459 in
2147 4386 2459 4481 speciali.
2529 4388 2831 4465 Dicebat

611 4641 666 4704 (¹)
697 4642 759 4693 B.
792 4645 1029 4707 sagittam
1063 4646 1327 4707 infectam,
1359 4652 1434 4697 ut.
1789 4648 1844 4711 (¹)
1876 4653 1923 4709 t,
1958 4649 2057 4699 suit
2078 4649 2236 4714 juste.
