3734 5567
1343 469 1622 550 CA‘N‘rns
1673 496 1963 551 sExTUS.
2631 565 2648 572 ἱ
2686 485 2828 552 457

480 645 572 719 de
638 642 936 717 nomine
1003 661 1140 713 suo
1202 647 1278 714 et
1344 648 1545 716 sorte
1611 643 1924 717 vocabat
1983 642 2227 716 solum
2295 661 2376 717 se
2437 643 2829 737 Romeum,

482 765 663 839 idest
727 761 1164 856 romipetam
1218 767 1292 834 et
1341 761 1841 857 peregrinum.
1901 761 2029 835 Hic
2090 762 2345 855 itaque
2397 762 2833 859 peregrinus

481 884 726 960 omnia
778 881 1238 956 laudabiliter
1287 881 1823 976 administram,
1861 902 2036 956 cum
2072 881 2557 977 Raymundus
2606 881 2833 956 babe-

485 1013 596 1080 ret
647 1011 967 1099 quatuor
1020 1001 1198 1075 filias
1249 1002 1406 1076 sine
1459 1005 1785 1077 mascula
1835 1002 2063 1097 prole,
2108 1002 2422 1096 primam
2469 1003 2619 1076 alte
2672 1022 2834 1076 ma-

490 1125 732 1200 ritavit
780 1122 1148 1197 Ludovico
1201 1123 1356 1219 regi
1407 1122 1733 1197 Franciae
1784 1122 2085 1217 optimo,
2127 1123 2253 1216 qui
2305 1129 2556 1218 postea
2608 1143 2834 1197 cano-

492 1248 772 1320 nizatus
807 1250 938 1337 est,
975 1243 1166 1317 sacto
1199 1243 1711 1340 bispassagi03
1741 1243 2137 1318 secundam
2179 1243 2469 1317 tradidit
2494 1243 2834 1318 Eduardo

494 1368 644 1463 regi
708 1364 983 1460 Angliae
1045 1364 1555 1458 probatissimo
1601 1358 1720 1458 (¹);
1776 1365 2069 1438 tertiam
2132 1365 2421 1439 tradidit
2471 1365 2832 1439 Richardo

491 1487 692 1561 Fratri
762 1486 952 1583 regis
1021 1486 1323 1581 Angliae,
1393 1486 1518 1579 qui
1585 1492 1835 1580 postea
1898 1485 2035 1558 suit
2106 1506 2237 1560 rex
2307 1507 2832 1580 romanorum3

487 1612 829 1700 quartam
881 1626 1059 1680 vero
1111 1606 1476 1680 minorem
1539 1605 1910 1699 copulavit
1956 1605 2220 1680 Carolo
2271 1605 2438 1680 duci
2490 1606 2832 1702 Andega-

488 1729 651 1820 viae,
703 1726 907 1800 fratri
959 1727 1236 1820 praefati
1284 1727 1655 1820 Ludovici,
1710 1727 1834 1821 qui
1890 1733 2139 1821 postea
2195 1727 2328 1800 fuit
2374 1746 2504 1802 rex
2553 1726 2833 1819 Siciliae,

486 1848 578 1922 de
629 1868 777 1941 quo
829 1848 1048 1940 paulo
1100 1867 1324 1941 supra
1359 1846 1635 1921 dictum
1674 1854 1809 1939 est,
1842 1867 2179 1922 asserens
2213 1847 2453 1941 ipsum
2495 1847 2833 1920 futurum

490 1966 1075 2063 potentissimum
1130 1986 1434 2062 regem:
1496 1967 1624 2040 sed
1677 1967 1912 2040 virtus
1981 1974 2055 2041 et
2123 1966 2418 2041 felicitas
2484 1968 2650 2041 fecit
2700 1966 2834 2040 sibi

488 2087 764 2161 aulicos
814 2105 1071 2159 omnes
1122 2084 1441 2179 infestos,
1493 2086 1918 2160 stimulante
1969 2086 2261 2179 invidia,
2295 2086 2581 2181 publica
2634 2091 2838 2181 peste

489 2206 888 2281 curiarum.
957 2205 1308 2279 Dicebant
1371 2205 1566 2280 enim
1638 2205 1913 2298 comiti,
1978 2205 2174 2299 quod
2247 2206 2362 2279 hic
2429 2205 2837 2300 alienigena

490 2327 780 2423 ignotus
830 2326 1321 2421 superditatus
1379 2326 1590 2401 bonis
1649 2326 1935 2400 comitis
2000 2331 2161 2400 erat
2225 2326 2650 2400 honoratior
2710 2347 2836 2400 eo:

493 2446 690 2540 quod
740 2446 1044 2520 cedebat
1093 2447 1183 2521 ad
1235 2447 1596 2541 pudorem
1650 2452 1724 2520 et
1776 2446 2248 2542 ignominiam
2313 2446 2494 2539 eiuS,
2549 2445 2674 2538 qui
2729 2446 2840 2518 vi-

493 2565 804 2641 debatur
855 2566 1138 2640 nescire
1187 2567 1609 2661 gubernare
1659 2587 1977 2663 regnum
2030 2572 2102 2641 et
2153 2567 2435 2640 curiam
2473 2586 2605 2660 per
2647 2586 2728 2640 se
2763 2572 2839 2640 et

492 2704 683 2758 suos.
738 2684 1216 2781 Raymundus
1266 2686 1571 2780 simplex
1608 2692 1683 2761 et
1717 2686 2027 2760 nimium
2068 2687 2414 2761 credulus
2455 2686 2710 2780 petivit
2742 2686 2838 2760 ab

490 2805 624 2880 isto
676 2806 1034 2879 rationem
1099 2805 1550 2880 villicationis
1620 2828 1795 2881 suae.
1867 2808 2002 2881 Cui
2061 2810 2424 2883 Romeus:
2493 2807 2671 2881 Veni
2743 2806 2835 2880 ad

489 2926 772 3000 curiam
825 2932 1029 2999 tuam
1066 2946 1371 3021 pauper,
1410 2935 1483 3002 et
1517 2948 1797 3022 pauper
1832 2929 2000 3003 inde
2036 2929 2322 3003 recedo.
2362 2930 2449 3001 Et
2489 2927 2839 3002 continuo

488 3052 784 3139 accepta
835 3046 1117 3120 mulula
1171 3052 1246 3121 et
1296 3054 1501 3121 veste
1551 3068 1687 3122 sua
1738 3049 2151 3146 peregrina,
2202 3070 2428 3143 quam
2490 3047 2584 3121 ab
2637 3046 2841 3120 initio

493 3171 1021 3258 reservaverat,
1076 3166 1394 3240 recessit.
1451 3168 1716 3242 Comes
1756 3169 2037 3263 pudore
2070 3176 2145 3243 et
2178 3170 2431 3244 dolore
2465 3167 2834 3259 confusuS,

494 3284 784 3358 volebat
833 3283 1072 3378 ipsum
1128 3285 1468 3380 retinere,
1524 3295 1601 3362 at
1651 3288 1770 3362 ille
1821 3290 2090 3383 noluit3
2133 3290 2260 3364 sed
2312 3290 2453 3363 cito
2505 3289 2655 3383 ipse
2703 3287 2840 3361 luit

496 3425 785 3500 poenam
841 3424 995 3478 suae
1047 3404 1604 3502 ingratitudinis,
1642 3409 1817 3503 quia
1854 3430 1986 3484 rex
2033 3410 2361 3485 Franciae
2404 3410 2672 3504 eripuit
2706 3407 2840 3481 sibi

496 3526 569 3598 in
619 3525 765 3599 vita
817 3546 1163 3620 magnam
1226 3533 1512 3621 partem
1583 3530 1790 3625 regni
1852 3530 2005 3603 sui:
2061 3538 2221 3625 post
2284 3536 2598 3605 mortem
2660 3549 2840 3602 vero

497 3645 648 3740 ipse
698 3666 830 3720 rex
882 3646 1229 3720 successit
1279 3669 1414 3742 pro
1469 3670 1704 3724 uxore
1754 3651 1827 3723 in
1879 3657 2162 3746 partem
2214 3651 2632 3746 provinciae,
2675 3668 2843 3743 quae

495 3770 603 3839 est
655 3764 848 3838 ultra
899 3765 1357 3839 Rhodanum.
1404 3770 1707 3843 Carolus
1761 3790 1941 3845 vero
1992 3792 2128 3866 pro
2178 3791 2310 3844 sua
2363 3770 2618 3844 babuit
2671 3789 2841 3862 pro-

495 3885 806 3959 vinciam
860 3886 1042 3959 citra
1093 3887 1554 3983 Rhodanum,
1609 3911 1835 3984 quam
1874 3891 1986 3964 sui
2022 3890 2542 3965 descendentes
2579 3896 2842 3963 tenue-

492 4012 665 4080 runt
701 4026 938 4101 usque
988 4008 1062 4080 in
1086 3999 1159 4100 (²)
1202 4017 1616 4102 praesentes,
1673 4012 1883 4085 Nunc
1918 4011 2010 4085 ad
2046 4011 2371 4085 literam:
2410 4010 2578 4083 dicit
2618 4010 2843 4083 Justi-

494 4124 753 4199 nianus
805 4127 1058 4200 Danti:
1115 4133 1180 4200 E
1221 4132 1292 4201 la
1325 4132 1471 4203 luce
1503 4133 1579 4203 di
1618 4135 1896 4221 RomeO,
1932 4131 2136 4224 idest,
2173 4130 2420 4205 anima
2464 4130 2841 4224 praeclara,

498 4245 666 4332 luce,
718 4244 920 4339 idest,
972 4248 1320 4342 splendet,
1360 4252 1608 4323 dentre
1644 4253 1793 4324 alla
1818 4258 2139 4344 presente
2171 4253 2601 4343 margarita,
2637 4250 2845 4345 idest,

495 4364 688 4439 intra
739 4365 1022 4439 stellam
1092 4369 1431 4443 Mercurii
1484 4391 1790 4465 parvam
1859 4378 1934 4447 et
2001 4373 2420 4467 pretiosam,
2486 4375 2562 4446 di
2609 4375 2721 4445 cui
2762 4375 2842 4465 fu

619 4622 675 4687 (¹)
706 4622 767 4673 E.
796 4622 1122 4686 probissimo.
1498 4630 1552 4692 (⁸)
1586 4631 1649 4680 Ε.
1682 4646 1845 4696 usque
1879 4633 1930 4681 in
1965 4646 2205 4696 praesens.
