3734 5567
1414 527 1690 583 CANTUs
1741 532 2028 585 numus.
2752 522 2892 590 323

548 693 988 748 succursum
1018 673 1389 768 BeatriciS,
1428 695 1594 768 quae
1630 675 1975 749 continuo
2011 678 2339 771 promisit
2366 700 2446 753 se
2481 680 2893 754 satisfactu-

554 816 711 869 ram
758 792 1117 867 desiderio
1162 813 1320 886 suc,
1369 793 1654 868 dicens:
1694 798 1856 868 oml’
1878 797 2039 886 ella,
2074 797 2341 872 scilicet
2374 799 2691 894 Beatrix,
2730 821 2894 875 ma-

548 936 694 1011 gna
748 912 1098 1010 magistra
1152 919 1607 987 secretorum
1663 915 1851 1007 coeli,
1888 916 2007 987 che
2057 917 2268 988 vedea
2302 938 2433 1010 me,
2472 911 2531 992 si
2564 941 2755 994 come
2786 924 2883 1014 ic,

551 1034 757 1127 idest,
808 1032 1294 1129 cognoscebat
1341 1040 1648 1107 acutum
1702 1034 2144 1108 desiderium
2211 1055 2485 1131 meum,
2546 1044 2753 1132 aprio
2818 1044 2889 1114 la

550 1153 790 1245 bocca,
841 1152 1118 1247 supple,
1170 1152 1262 1226 ad
1314 1152 1763 1246 loquendum
1812 1174 1907 1228 ne
1939 1155 2327 1249 perderem
2380 1162 2690 1253 tempus,
2716 1164 2889 1253 pria

550 1275 652 1345 clt’
678 1275 774 1366 ic,
822 1273 1115 1366 scilicet,
1152 1272 1516 1366 aperirem
1560 1294 1666 1366 OS,
1702 1294 1749 1345 a
1785 1277 2195 1367 dimandar,
2230 1275 2323 1348 de
2355 1295 2575 1349 causa
2616 1281 2889 1353 utrius-

551 1415 699 1487 que
751 1394 858 1468 rei
911 1414 1145 1487 novae,
1198 1395 1298 1466 ad
1348 1398 1777 1485 acquetarmi
1825 1398 1869 1466 l’
1890 1398 2127 1468 animo
2177 1386 2585 1489 commossO,
2644 1403 2888 1492 stupe-

554 1516 824 1591 factum
871 1514 1193 1588 novitate
1226 1514 1532 1609 insolita,
1572 1535 1664 1588 ne
1698 1521 1986 1592 teneret
2015 1510 2086 1607 (¹)
2117 1516 2449 1591 animum
2478 1537 2730 1591 meum
2766 1517 2887 1592 diu

554 1655 986 1731 suspensum
1041 1634 1416 1727 inutiliter,
1452 1656 1490 1706 e
1523 1627 1883 1728 comino-io,
1926 1636 2202 1729 supple,
2238 1636 2484 1710 dicere
2524 1635 2890 1711 tidenter:

552 1763 622 1829 tu
671 1764 885 1829 stesso
935 1759 985 1830 ti
1028 1756 1138 1848 sai
1184 1776 1467 1846 9r0830,
1520 1763 1775 1829 contra
1827 1761 2168 1830 naturam
2224 1763 2299 1830 et
2351 1757 2617 1831 bonam
2654 1757 2895 1852 dispo-

552 1876 888 1949 sitionem
912 1881 1147 1968 tuam,
1188 1894 1359 1948 cum
1400 1874 1706 1949 deberes
1738 1875 2006 1972 amodo
2042 1895 2202 1949 esse
2237 1875 2537 1969 subtiliS,
2572 1881 2684 1949 col
2707 1880 2895 1969 salso

548 1999 934 2087 imaginor,
996 1995 1167 2089 quia
1219 1996 1490 2070 scilicet
1539 1995 1964 2093 imaginaris
2024 2016 2184 2070 esse
2246 1995 2489 2070 adhuc
2558 1997 2628 2070 in
2695 2003 2895 2072 terra

550 2116 622 2188 in
675 2115 1011 2211 paradiso
1064 2115 1415 2208 terrestri,
1469 2115 1663 2210 quod
1717 2122 1967 2190 tamen
2020 2123 2130 2189 est
2181 2116 2467 2210 falsum,
2522 2117 2694 2211 quia
2734 2118 2892 2212 J‘am

549 2256 628 2311 es
664 2236 737 2309 in
774 2237 985 2330 coelo,
1012 2229 1072 2309 si
1105 2239 1224 2309 che
1255 2258 1404 2310 non
1438 2239 1594 2310 vedi
1625 2229 1730 2309 σίὸ
1766 2239 1885 2308 che
1920 2238 2238 2329 vedresti,
2272 2237 2562 2331 scilicet,
2591 2258 2892 2318 causam

548 2358 705 2432 soni
759 2364 833 2431 et
882 2357 1200 2450 luminis,
1236 2379 1309 2430 se
1343 2361 1387 2430 Γ
1409 2360 1638 2430 avessi
1667 2378 1931 2448 scoss0,
1965 2357 2170 2451 idest,
2208 2365 2577 2431 remotum
2617 2379 2662 2432 a
2697 2364 2770 2432 te
2807 2357 2894 2430 il-

548 2477 675 2550 lud
711 2476 973 2549 salsum
1009 2476 1434 2573 imaginari3
1474 2478 1600 2551 sed
1635 2477 1879 2551 statim
1915 2476 2260 2570 quietabo
2300 2478 2631 2552 animum
2673 2485 2889 2550 tuum

553 2596 984 2689 inquietum.
1015 2637 1114 2650 —
1150 2603 1248 2670 Tu
1297 2618 1441 2670 non
1478 2601 1593 2670 se’.
1647 2598 1776 2670 Hic
1826 2596 2117 2671 Beatrix
2178 2597 2499 2692 assignat
2561 2618 2887 2691 causam,

550 2737 783 2810 quare
833 2715 1100 2791 Dantes
1144 2717 1385 2812 incipit
1425 2718 1685 2793 audire
1722 2723 2009 2792 tantum
2048 2736 2246 2790 nunc
2279 2737 2555 2791 novum
2599 2738 2889 2811 sonum,

546 2842 620 2912 et
673 2837 923 2913 videre
974 2859 1250 2913 novum
1305 2840 1577 2914 lumen.
1632 2840 1719 2912 Et
1770 2838 1929 2912 vult
1971 2837 2279 2913 finaliter
2304 2829 2376 2930 (²)
2416 2839 2661 2914 dicere
2694 2839 2891 2933 quod

545 2956 695 3052 ipse
729 2956 894 3032 ideo
928 2958 1131 3032 audit
1159 2949 1230 3050 (³)
1288 2978 1553 3032 sonum
1608 2958 1798 3052 coeli,
1852 2979 2000 3032 non
2036 2957 2209 3051 quia
2261 2958 2351 3031 sit
2385 2957 2482 3031 ibi
2517 2958 2749 3033 factus
2798 2958 2893 3033 de

545 3097 760 3170 novo,
815 3077 942 3151 sed
994 3077 1166 3171 quia
1217 3078 1395 3151 dum
1450 3085 1677 3153 staret
1728 3078 1801 3151 in
1853 3085 2052 3153 terra
2105 3099 2251 3153 non
2315 3085 2601 3174 poterat
2650 3078 2889 3174 ipsum

544 3196 823 3271 audire.
878 3197 1221 3273 Similiter
1275 3199 1469 3274 videt
1520 3200 1777 3274 lumen
1828 3199 2237 3273 maximum
2302 3220 2447 3272 non
2508 3199 2679 3292 quia
2747 3220 2893 3274 non
2940 3237 2947 3242 ·

545 3323 735 3389 esset
786 3315 987 3410 prius
1038 3317 1158 3413 ibi,
1211 3317 1337 3392 sed
1392 3319 1564 3412 quia
1616 3339 1763 3393 non
1814 3325 2101 3414 poterat
2143 3319 2381 3413 ipsum
2425 3319 2676 3393 videre
2708 3320 2888 3394 dum

547 3443 737 3510 esset
784 3435 859 3509 in
916 3442 1134 3512 terra.
1188 3438 1374 3512 Dicit
1426 3458 1655 3535 ergo:
1694 3446 1764 3512 tu
1797 3460 1945 3511 non
1975 3440 2075 3512 sei
2104 3440 2181 3511 in
2216 3445 2435 3532 terra,
2478 3439 2663 3516 sicut
2696 3439 2890 3514 fuisti

546 3556 920 3651 hactenuS,
972 3550 1032 3629 si
1081 3579 1273 3631 come
1323 3565 1392 3631 tu
1443 3560 1636 3632 credi
1652 3585 1682 3652 ‚·
1729 3565 1804 3633 et
1837 3558 2149 3633 ostendit
2199 3559 2394 3653 quod
2438 3579 2635 3633 nunc
2673 3568 2888 3655 poeta

546 3676 979 3751 naturaliter
1041 3678 1364 3752 ascendit
1426 3679 1696 3752 coelum
1767 3700 1899 3774 per
1965 3700 2192 3753 unam
2260 3680 2884 3774 comparationem

544 3797 963 3871 naturalem
1026 3804 1100 3872 et
1165 3797 1506 3873 subtilem
1577 3799 1923 3893 fulminis,
1986 3798 2185 3892 quod
2247 3818 2392 3872 non
2460 3806 2608 3873 tam
2683 3801 2889 3875 velo-

542 3916 725 3991 citer
775 3917 1214 3992 *descendit
1281 3918 1374 3992 ad
1439 3925 1738 4013 terram,
1795 3940 2020 4013 quam
2082 3923 2298 4013 poeta
2359 3940 2556 3993 nunc
2615 3920 2890 3994 veloci-

541 4037 726 4109 ter*
753 4025 826 4129 (⁴)
883 4037 1206 4112 ascendit
1265 4037 1358 4111 ad
1421 4039 1718 4112 coelum.
1789 4038 1899 4112 Ad
1965 4038 2161 4132 quod
2222 4037 2623 4113 notandum
2691 4040 2892 4134 quod

541 4154 831 4228 Beatrix
886 4156 1451 4251 exquisitissime
1516 4159 1655 4233 hoc
1717 4157 1909 4253 dicit,
1980 4158 2153 4250 quia
2216 4158 2467 4255 fulgur
2528 4181 2570 4234 a
2644 4161 2895 4237 calore

541 4272 711 4346 solis
763 4294 909 4348 non
960 4276 1275 4350 trahitur
1316 4275 1450 4350 nisi
1495 4298 1733 4371 usque
1767 4277 1860 4351 ad
1897 4278 2213 4353 mediam
2251 4279 2631 4375 regionem
2674 4282 2891 4378 aeriS,

550 4399 623 4466 et
675 4393 769 4466 ibi
823 4394 1198 4488 repellitur
1248 4417 1294 4470 a
1347 4396 1621 4493 frigore
1671 4398 1764 4471 ad
1813 4403 2092 4472 terram
2146 4420 2318 4473 cum
2355 4420 2647 4474 summa
2685 4402 2892 4476 velo-

660 4580 717 4646 (¹)
747 4586 794 4640 4,
828 4593 894 4630 ne
927 4587 1180 4632 tenerem.
1427 4583 1481 4647 (²)
1514 4585 1574 4634 Ε.
1608 4585 2003 4636 sententialiter.
2255 4586 2310 4649 (²)
2343 4592 2389 4646 4,
2425 4587 2634 4638 audivit.

661 4656 715 4719 (⁸)
747 4657 821 4708 Le
853 4658 1032 4721 parole
1064 4657 1145 4708 fra
1176 4659 1191 4709 i
1227 4660 1326 4710 due
1359 4661 1624 4712 asterisehi
1656 4675 1749 4713 son
1780 4660 2005 4725 supplite
2038 4662 2175 4726 dagli
2207 4663 2329 4713 altri
2362 4668 2441 4713 tre
2473 4662 2664 4714 codici.
