3734 5567
1048 497 1191 580 45,ss
1831 499 2243 558 COMENTUM
2292 502 2627 555 PAnAmsi

1045 658 1397 745 nostram,
1432 642 1491 722 εὶ
1523 652 1644 722 che
1673 669 1819 721 non
1866 651 1932 721 si
1953 655 2163 741 puote
2196 655 2427 722 torcer
2459 650 2813 739 yiammai
2844 649 2952 719 ad
2996 648 3240 718 alcuna
3272 666 3372 718 ne-

1039 774 1304 866 quizia,
1341 770 1542 863 idest,
1597 789 1753 843 rem
1808 768 2177 862 iniquam3
2232 768 2440 862 quasi
2489 768 2721 842 dicat:
2784 787 2942 841 non
2993 771 3224 861 potest
3264 785 3371 859 ap-

1041 893 1309 989 petitus
1360 890 1433 963 in
1487 889 1693 963 nobis
1744 910 1906 964 esse
1955 910 2369 984 perversus
2407 889 2495 961 Et
2537 888 2652 962 hic
2695 892 2886 961 nota
2941 884 3140 980 quod
3189 884 3370 958 etiam

1032 1014 1312 1111 Justitia
1367 1013 1692 1086 humana
1743 1011 2138 1105 aliquando
2205 1009 2376 1085 facit
2440 1010 2727 1084 animos
2798 1007 3194 1082 hominum
3247 1025 3374 1080 esse

1043 1140 1421 1209 contentos
1471 1132 1544 1205 in
1597 1132 2077 1206 diminutione
2129 1130 2246 1205 vel
2298 1130 2806 1204 subtractione
2862 1126 3177 1223 praemii,
3221 1125 3372 1199 sicut

1046 1254 1279 1350 patuit
1327 1274 1550 1348 supra
1602 1253 1676 1326 in
1728 1252 2078 1325 militibus
2129 1251 2453 1326 liberatis
2508 1272 2555 1324 a
2620 1250 3089 1341 CincinnatO,
3151 1245 3373 1340 quibus

1048 1395 1193 1448 non
1234 1373 1430 1447 dedit
1471 1379 1755 1467 partem
1809 1372 2096 1466 praedae,
2133 1371 2260 1464 qui
2295 1377 2545 1445 tamen
2581 1372 3044 1445 laetabantur
3095 1367 3184 1440 de
3230 1365 3373 1438 libe-

1049 1496 1331 1570 ratione
1370 1515 1540 1587 sua3
1594 1494 1829 1567 multo
1884 1494 2118 1588 magis
2168 1492 2282 1566 isti
2317 1497 2849 1566 contentantur
2886 1490 2985 1563 de
3019 1485 3372 1562 salvatione

1048 1636 1205 1708 sua,
1242 1615 1409 1689 licet
1447 1614 1683 1709 gloria
1721 1614 2129 1687 multorum
2182 1613 2256 1685 in
2306 1612 2494 1686 coelo
2531 1612 2621 1685 sit
2659 1612 2930 1685 maior.
2974 1610 3065 1682 Et
3096 1606 3371 1682 declarat

1048 1737 1187 1810 hoc
1236 1756 1368 1829 per
1420 1735 1752 1829 pulcram
1817 1739 1895 1808 et
1956 1733 2327 1828 propriam
2391 1731 3041 1825 comparationem
3092 1727 3372 1800 diversa-

1050 1875 1220 1928 rum
1278 1876 1570 1950 vocum,
1623 1875 1791 1949 quae
1843 1854 2034 1928 bene
2099 1852 2667 1948 proportionatae
2715 1851 2794 1924 in
2849 1854 3082 1923 cantu
3145 1845 3372 1919 faciunt

1051 1975 1463 2049 mirabilem
1519 1975 1932 2049 melodiam.
1988 1973 2170 2047 Dicit
2223 1993 2441 2068 ergo:
2496 1974 2769 2045 diverse
2825 1973 3015 2059 voci,
3060 1968 3133 2040 in
3184 1966 3372 2038 choro

1045 2097 1493 2189 canentium,
1543 2100 1676 2189 fan
1725 2098 1996 2169 diverse
2045 2101 2229 2186 note,
2281 2115 2450 2188 quae
2512 2092 2973 2167 concordant
3031 2087 3126 2162 ad
3177 2104 3368 2160 unum

1048 2221 1393 2308 cantum3
1455 2208 1622 2307 cosi,
1689 2214 1893 2309 idest,
1958 2215 2056 2288 ita
2120 2236 2165 2289 a
2229 2214 2466 2306 simili,
2535 2215 2797 2286 diversi
2860 2212 3145 2297 scanni,
3205 2205 3367 2294 idest,

1053 2335 1262 2409 sedes
1297 2334 1709 2428 beatorum,
1751 2338 2026 2409 rendon
2058 2338 2252 2409 dolce
2283 2338 2639 2424 armonia,
2677 2333 2867 2408 idest
2903 2349 3212 2405 suavem
3249 2343 3371 2397 me-

1056 2454 1347 2549 lodiam,
1399 2458 1472 2528 in
1522 2463 1770 2528 nostra
1822 2459 1991 2547 vila,
2042 2456 2333 2550 scilicet,
2379 2462 2681 2548 aeterna,
2733 2461 2854 2527 tra
2907 2458 3140 2544 queste
3183 2450 3365 2530 mole,

1057 2575 1260 2670 idest,
1300 2575 1493 2650 inter
1542 2575 1712 2650 istas
1764 2595 2016 2672 speras
2067 2576 2453 2650 coelorum.
2483 2614 2582 2628 —
2609 2580 2674 2647 E
2718 2576 3001 2647 dentre.
3040 2572 3242 2644 Nunc
3271 2563 3370 2636 Ju-

1056 2695 1411 2770 stinianus
1457 2695 1896 2777 manifestat,
1921 2693 2138 2769 aliam
2192 2695 2516 2769 animam
2562 2694 3005 2768 modernam
3055 2689 3148 2763 de
3193 2699 3367 2779 spera

1056 2814 1418 2908 Mercurii,
1472 2836 1640 2909 quae
1692 2815 1826 2888 fuit
1881 2814 2306 2888 mirabiliter
2356 2814 2591 2889 activa
2656 2814 2729 2886 in
2789 2814 2946 2887 vita
3017 2804 3363 2883 mundana.

1053 2934 1159 3008 Ad
1210 2934 1781 3010 declarationem
1832 2941 2086 3009 autem
2139 2935 2344 3008 istius
2399 2934 2740 3027 historiae,
2776 2954 2955 3027 quae
2998 2926 3237 3003 multis
3281 2923 3367 2994 est

1052 3055 1342 3129 occulta
1393 3061 1468 3129 et
1518 3055 1907 3152 incognita,
1945 3063 2056 3131 est
2090 3055 2647 3150 praesciendum,
2684 3054 2886 3148 quod
2930 3041 3365 3147 Raymundus

1055 3174 1565 3270 BerengeriuS,
1630 3176 1888 3249 nobilis
1952 3197 2202 3251 comes
2265 3176 2656 3271 provinciae
2707 3169 3217 3259 Narbonensis,
3263 3157 3366 3235 fuit

1056 3293 1169 3366 vir
1220 3294 1611 3387 humanus,
1639 3294 1969 3390 affabiliS,
2012 3296 2533 3392 rhythmorum
2577 3294 3008 3390 vulgarium
3044 3288 3240 3364 facile
3270 3298 3363 3353 re-

1056 3418 1344 3507 pertor3
1398 3411 1523 3485 sed
1576 3412 1791 3487 nimis
1841 3414 2182 3509 liberalis,
2224 3414 2612 3511 magnifice
2647 3415 2998 3488 omnibus
3050 3402 3364 3483 nobilibus

1056 3530 1435 3607 dexteram
1490 3556 1645 3608 suae
1713 3536 2067 3632 largitatis
2118 3536 2542 3629 extendenS,
2618 3556 2915 3630 semper
2976 3536 3135 3608 erat
3195 3516 3364 3597 debi-

1061 3656 1177 3725 tor
1246 3654 1587 3727 multum.
1657 3655 1931 3729 Accidit
2005 3662 2258 3729 autem
2328 3656 2524 3750 quod
2601 3656 2899 3750 quidam
2973 3642 3361 3749 peregrinus

1059 3771 1358 3848 veniens
1392 3774 1486 3848 ab
1521 3782 1856 3850 extremo
1893 3775 2309 3869 occidentis,
2347 3776 2632 3850 visitata
2668 3776 2861 3851 beati
2904 3769 3151 3848 Jacobi
3183 3765 3363 3838 Cam·

1056 3893 1456 3986 postellana
1506 3894 1833 3988 ecclesia,
1879 3895 2213 3989 pervenit
2249 3896 2610 3991 Tolosam,
2657 3896 2807 3989 ubi,
2854 3895 3029 3989 quia
3079 3888 3185 3964 vir
3227 3893 3362 3973 spe-

1055 4012 1334 4087 ctabilis
1393 4019 1466 4087 et
1529 4014 1972 4089 honorabilis
2041 4014 2450 4110 videbatur,
2522 4016 2866 4090 invitatus
2934 4015 3028 4089 ad
3092 4001 3357 4082 curiam,

1056 4133 1303 4209 habito
1356 4155 1700 4209 sermone
1749 4156 1924 4209 cum
1977 4136 2268 4230 comite,
2322 4137 2683 4230 persuasit
2746 4137 3144 4232 prudenter
3197 4108 3358 4215 <1¹¹⁰d

1055 4250 1132 4324 in
1180 4251 1388 4327 brevi
1442 4254 1680 4348 ipsum
1732 4254 2080 4330 liberaret
2128 4256 2224 4329 ab
2280 4257 2520 4329 usuris
2579 4257 3117 4331 Caorsinorum.
3174 4243 3356 4316 Com·

1060 4369 1281 4445 missa
1316 4392 1498 4467 ergo
1533 4375 1664 4448 sibi
1700 4376 2147 4471 amplissima
2181 4382 2539 4470 potestate
2572 4376 2957 4451 ordinandi
2992 4380 3066 4449 et
3110 4365 3355 4455 dispen-

1058 4489 1262 4563 sandi
1324 4492 1595 4586 omnia,
1656 4493 2012 4568 industria
2080 4500 2154 4568 et
2221 4497 2617 4591 sagacitate
2683 4517 2819 4571 sua
2886 4493 3093 4571 solvit
3151 4475 3354 4558 debita

1062 4631 1355 4708 magna,
1408 4618 1483 4685 et
1534 4613 2038 4708 multiplicavit
2089 4614 2433 4691 redditus.
2502 4617 2591 4690 Et
2659 4617 3142 4714 interrogatus
3191 4610 3350 4691 Saepss
