3734 5567
933 804 1339 901 INDEX
1433 791 1747 898 ΤΟΜΙ
1842 803 2371 915 QUARTI.

1098 1330 1587 1406 COMENTUM
1646 1329 2208 1404 PURGATORII.

475 1573 743 1625 CANTUS
775 1573 1143 1626 VlGESlMUS
1174 1574 1446 1632 PRIMUS,
1482 1575 1536 1623 in
1576 1587 1682 1637 quo
1726 1577 1915 1624 tractat
1955 1575 2088 1624 sicut
2130 1576 2437 1627 invenerunt
2468 1576 2696 1641 aliquem

570 1658 815 1704 vocatum
848 1651 1066 1703 Statium
1109 1654 1161 1702 in
1204 1653 1378 1704 medio
1418 1651 1634 1710 itineris,
1669 1653 1757 1715 qui
1789 1666 1913 1702 cum
1955 1652 2173 1717 Virgilio
2215 1652 2383 1703 multa
2423 1656 2705 1717 receptavit

569 1743 674 1780 non
713 1731 883 1792 ipsum
930 1737 1276 1793 cognoscens:
1312 1733 1366 1780 et
1402 1734 1578 1793 postea
1624 1729 1760 1779 sicut
1796 1729 2135 1793 interrogavit
2169 1730 2388 1781 Dantem
2419 1732 2536 1795 quis
2567 1735 2703 1782 esset

569 1806 815 1871 Virgilius
847 1812 901 1857 et
934 1807 1126 1857 Dantes
1156 1822 1221 1858 ex
1252 1808 1412 1858 verbo
1446 1805 1651 1870 Virgilii
1684 1806 1811 1856 dixit
1839 1807 1889 1856 ei
1929 1808 2101 1857 omnia
2116 1844 2537 1858 ..............
2581 1809 2701 1873 Pag.

476 1926 743 1978 CANTUS
782 1926 1149 1979 VIGESIMUS
1189 1927 1548 1984 SECUNDUS,
1584 1927 1636 1976 in
1682 1939 1787 1990 quo
1834 1927 2075 1976 tractavit
2105 1926 2352 1991 Virgilius
2384 1940 2506 1977 cum
2538 1927 2700 1977 Statio

573 2004 636 2052 de
669 2002 788 2054 loco
819 2017 914 2053 suo
948 2004 1110 2063 limbi,
1135 2009 1189 2053 et
1220 2004 1284 2053 de
1317 2002 1495 2054 multis
1527 2002 1836 2064 sapientibus
1867 2003 2116 2065 antiquis;
2139 2008 2192 2053 et
2213 2003 2406 2053 Statius
2427 2003 2554 2052 dixit
2577 2003 2703 2052 Vir-

570 2078 693 2142 gilio
727 2079 941 2128 modum
974 2092 1081 2128 suaa
1114 2078 1481 2139 conversionis,
1514 2083 1569 2128 et
1600 2079 1733 2127 sicut
1764 2077 1958 2127 Statius
1992 2082 2265 2128 veneratus
2295 2082 2373 2127 est
2399 2078 2696 2142 Virgilium.

475 2195 742 2247 CANTUS
780 2197 1140 2248 VIGESIMUS
1174 2197 1484 2256 TERTlUS,
1520 2198 1571 2246 in
1604 2209 1710 2262 quo
1744 2200 1933 2246 tractat
1973 2196 2106 2247 sicut
2147 2197 2457 2246 invenerunt
2489 2196 2698 2259 spiritus

572 2273 677 2322 vitii
709 2273 845 2336 gulas
876 2274 966 2337 qui
1000 2275 1148 2324 valde
1179 2280 1329 2324 erant
1360 2275 1541 2332 macri,
1574 2280 1627 2325 et
1660 2275 1723 2325 de
1755 2274 1915 2324 modo
1947 2287 2112 2336 poente
2143 2274 2392 2336 ipsorum,
2419 2274 2515 2323 sub
2548 2273 2700 2324 titulo

569 2350 811 2398 Forensis
851 2352 1217 2414 consanguinei
1259 2351 1455 2412 Dentis,
1491 2352 1578 2414 qui
1624 2352 1789 2401 multa
1824 2352 2062 2414 prtedixit
2093 2356 2273 2401 contra
2306 2352 2539 2401 dominas
2569 2350 2695 2400 Flo·

570 2427 768 2485 rentiae‚
802 2431 855 2475 et
885 2428 949 2475 de
984 2429 1164 2477 multis
1195 2427 1309 2478 aliis
1323 2464 2696 2478 ............................................

475 2543 743 2595 CANTUS
782 2544 1143 2596 VIGESIMUS
1175 2545 1513 2606 QUARTUS,
1548 2547 1636 2596 ubi
1669 2550 1856 2596 tractat
1889 2547 1952 2595 de
1985 2546 2195 2604 eisdem,
2217 2550 2272 2595 et
2295 2546 2430 2596 sicut
2460 2546 2703 2596 Foresius

568 2619 765 2669 multos
797 2618 1010 2668 illorum
1045 2620 1330 2669 nominavit
1362 2620 1514 2670 Danti
1546 2625 1599 2670 et
1634 2622 1896 2683 praecipue
1917 2621 2292 2683 Bonagiuntam
2313 2619 2602 2670 Orbicciani
2634 2620 2698 2669 de

567 2697 725 2757 Luca,
757 2697 847 2760 qui
878 2696 1004 2746 dixit
1037 2696 1190 2747 Danti
1223 2697 1394 2760 aliqua
1428 2697 1607 2747 futura
1629 2698 1693 2748 de
1718 2699 1925 2748 civitate
1958 2698 2131 2757 Lurae,
2166 2702 2218 2747 et
2252 2698 2315 2746 de
2348 2697 2460 2748 aliis
2490 2696 2698 2758 multis;

568 2778 622 2823 et
654 2774 706 2822 in
739 2773 838 2822 fine
872 2773 1179 2822 invenerunt
1212 2773 1454 2822 arborem
1486 2774 1538 2823 in
1573 2775 1652 2824 via
1686 2774 1750 2824 de
1782 2788 1883 2836 qua
1916 2774 2074 2824 exivit
2106 2787 2204 2823 vox
2236 2774 2472 2837 quaedam
2493 2811 2694 2823 .......

475 2891 741 2943 CANTUS
773 2891 1136 2943 VIGESIMUS
1166 2892 1477 2953 QUlNTUS,
1510 2894 1564 2942 in
1596 2907 1702 2957 quo
1726 2892 1977 2956 Virgilius
2000 2894 2198 2956 rogavit
2223 2893 2443 2942 Statium
2467 2893 2702 2943 declara-

567 2973 746 3018 turum
790 2969 942 3018 Danti
976 2969 1313 3032 quaestionem
1348 2970 1575 3033 qualiter
1620 2974 1834 3033 possunt
1880 2970 2168 3019 democrari
2211 2969 2421 3032 spiritus
2465 2970 2552 3019 ubi
2595 2983 2700 3019 non

569 3044 847 3106 expediunt
879 3045 1219 3105 nutrimenta;
1253 3049 1306 3094 et
1338 3046 1402 3095 de
1435 3046 1593 3095 modo
1626 3046 1805 3108 figuras
1838 3046 2130 3107 spirituum,
2151 3049 2206 3095 et
2225 3044 2605 3108 aliquantulum
2637 3045 2701 3094 de

569 3121 801 3184 sequenti
816 3158 2129 3172 ..........................................
2150 3159 2160 3167 .
2180 3159 2698 3171 .................

476 3238 743 3290 CANTUS
776 3239 1137 3289 VIGESlMUS
1170 3240 1448 3301 SEXTUS,
1481 3242 1571 3291 ubi
1614 3247 1801 3292 tractat
1843 3242 1907 3292 de
1948 3242 2213 3304 spiritibus
2243 3241 2521 3290 luxuriosis
2553 3245 2606 3290 et
2637 3242 2702 3290 de

571 3317 728 3366 modo
760 3321 923 3366 status
953 3321 1006 3366 et
1038 3330 1200 3379 poenae
1243 3331 1446 3379 eorum,
1492 3318 1590 3368 sub
1632 3317 1783 3368 titulo
1829 3318 2023 3368 domini
2056 3317 2300 3367 Guidonis
2334 3317 2603 3367 Guinicelli
2636 3317 2700 3367 de

2761 2430 2823 2476 ⁴⁷

2761 2779 2823 2823 6⁷

572 3393 822 3453 Bononia,
853 3394 943 3456 qui
975 3393 1140 3444 multa
1172 3396 1454 3458 receptavit
1487 3409 1608 3446 eum
1641 3408 1722 3456 eo,
1758 3408 1818 3445 ac
1849 3396 2006 3445 etiam
2040 3395 2103 3444 de
2138 3394 2249 3444 aliis
2282 3394 2462 3444 multis
2468 3432 2698 3444 ........
2735 3398 2826 3445 118

478 3511 746 3561 CANTUS
777 3510 1139 3560 VIGESlMUS
1174 3513 1527 3570 SEPTIMUS,
1564 3514 1615 3563 in
1638 3528 1743 3577 quo
1768 3518 1957 3563 tractat
1981 3513 2113 3561 sicut
2137 3513 2448 3580 transierunt
2472 3524 2564 3573 per
2584 3524 2701 3561 me-

572 3588 713 3637 dium
747 3589 877 3650 ignis
908 3588 971 3636 ad
1005 3589 1208 3651 signum
1242 3590 1509 3640 cuiusdam
1537 3592 1676 3640 vocis
1709 3592 1974 3648 cantantis,
2009 3594 2063 3638 et
2092 3593 2284 3651 postea,
2310 3602 2460 3637 cursa
2485 3601 2578 3650 per
2610 3601 2701 3637 eos

575 3669 680 3714 tota
712 3664 850 3714 scala
881 3668 933 3713 et
967 3669 1159 3725 monte,
1195 3665 1302 3715 illic
1335 3666 1713 3730 aliquantulum
1747 3667 2046 3717 dormitavit
2078 3665 2284 3724 Dentes,
2306 3668 2360 3715 et
2381 3669 2557 3728 postea
2575 3664 2702 3715 Vir-

572 3741 725 3804 gilius
757 3741 881 3791 dixit
915 3742 1048 3791 sicut
1080 3755 1201 3791 cum
1233 3755 1298 3792 eo
1331 3757 1435 3793 non
1468 3749 1670 3806 poterat
1704 3744 1820 3807 plus
1850 3745 2045 3801 venire,
2067 3748 2120 3793 et
2152 3743 2320 3804 ipsum
2354 3755 2449 3791 suo
2482 3742 2697 3792 arbitrio

572 3818 1011 3867 recommendavit
1036 3855 2695 3870 .....................................................
2731 3822 2823 3868 139

477 3937 743 3988 CANTUS
776 3937 1137 3988 VIGESIMUS
1168 3937 1497 3998 OCTAVUS,
1533 3940 1585 3988 in
1618 3955 1723 4004 quo
1758 3946 1945 3991 tractat
1976 3942 2109 3991 sicut
2142 3940 2334 4002 absque
2365 3939 2583 4002 Virgilio
2613 3940 2698 3989 in-

571 4017 724 4065 travit
755 4015 971 4078 sylvam,
1004 4015 1090 4065 ubi
1133 4015 1260 4065 vidit
1300 4015 1441 4066 ultra
1483 4016 1680 4067 flumen
1712 4018 1876 4069 Lethe
1908 4018 2186 4081 quamdam
2220 4017 2482 4067 dominam
2517 4019 2700 4066 teneu-

571 4097 677 4142 tem
711 4091 884 4150 flores,
917 4105 1034 4155 quae
1068 4091 1195 4141 dixit
1226 4093 1392 4142 multa
1427 4094 1491 4143 de
1531 4095 1753 4144 crimine
1799 4095 1929 4144 Adae
1963 4095 2117 4156 primi
2150 4095 2326 4157 patris,
2362 4098 2415 4143 et
2446 4094 2511 4143 de
2543 4093 2700 4144 modo

571 4168 707 4219 illius
738 4168 982 4229 fluminis,
1015 4173 1069 4218 et
1100 4169 1163 4218 de
1197 4175 1309 4220 toto
1341 4171 1499 4221 modo
1532 4172 1751 4234 paradisi
1784 4174 2045 4222 terrestris
2049 4207 2697 4222 .....................
2736 4173 2826 4220 159

476 4287 743 4340 CANTUS
775 4287 1137 4339 v1GESlMUs
1171 4290 1408 4352 NONUS,
1439 4293 1491 4342 in
1531 4307 1637 4356 quo
1681 4298 1867 4343 tractat
1909 4294 2043 4344 sicut
2085 4297 2295 4343 secutus
2325 4295 2404 4340 est
2435 4291 2698 4341 dominam

565 4365 713 4428 Juxta
755 4363 877 4413 litus
922 4362 1164 4426 fluminis,
1198 4372 1253 4416 et
1294 4368 1426 4419 sicut
1481 4368 1653 4418 subito
1696 4369 1936 4432 apparuit
1974 4370 2153 4420 lumen
2201 4373 2260 4419 ut
2306 4367 2521 4428 flumen,
2553 4372 2608 4416 et
2639 4366 2702 4415 de

572 4445 767 4504 septem
801 4440 1074 4490 arboribus
1105 4444 1236 4503 auri,
1274 4449 1328 4494 et
1372 4445 1435 4494 de
1469 4445 1646 4507 viginti
1688 4449 1915 4509 quatuor
1945 4446 2232 4496 senioribus
2264 4442 2523 4493 coronatis
2553 4442 2700 4491 flori-

573 4520 686 4578 bus,
705 4523 759 4567 et
780 4518 844 4567 de
864 4522 1085 4581 quatuor
1107 4519 1413 4570 animalibus
1434 4522 1708 4580 coronatis,
1731 4527 1785 4572 et
1807 4523 1871 4572 de
1904 4536 2063 4573 curro
2094 4526 2150 4572 et
2174 4521 2442 4585 gryphone
2466 4519 2702 4569 trahente

573 4608 724 4654 eum3
757 4598 809 4643 et
843 4593 907 4642 de
940 4595 1179 4645 omnibus
1210 4596 1663 4659 significationibus
1695 4599 1915 4648 istorum
1921 4630 2695 4649 .........................
2733 4597 2823 4644 182

750 4701 828 4745 Π·
2507 4703 2557 4742 :33
