3734 5567
1200 517 1478 573 CANTUs
1528 519 1910 573 vronsmus
1961 519 2218 573 NONUS.
2739 508 2877 575 187

533 688 728 740 rum.
780 665 1091 761 Signum
1146 670 1396 737 autem
1452 663 1608 755 suit,
1646 663 1845 757 quod
1895 663 2073 736 illud
2124 664 2378 737 lumen
2429 665 2714 737 clarum
2752 686 2880 737 su-

530 786 683 859 bito
735 786 1008 859 factum
1063 789 1174 858 est
1226 782 1721 856 rubicundum
1774 788 1848 857 et
1909 783 2358 857 flammeum.
2413 783 2566 857 Hoc
2625 790 2877 858 autem

531 906 983 1004 significabat
1016 903 1214 998 quod
1247 902 1930 998 appropinquabant
1967 909 2246 997 septem
2284 904 2719 979 candelabra
2751 925 2882 976 ru-

533 1026 809 1101 tilantia
845 1032 918 1099 et
950 1024 1303 1098 ardentia.
1342 1023 1525 1096 Dicit
1560 1043 1781 1119 ergo:
1825 1025 2078 1096 Mentr'
2094 1025 2165 1096 io
2200 1026 2291 1095 m’
2319 1027 2636 1114 andava,
2671 1024 2875 1117 idest,

530 1145 823 1219 interim
859 1145 1038 1218 dum
1075 1144 1297 1237 ibam,
1323 1150 1490 1216 tutto
1524 1164 1832 1234 sospem,
1874 1142 2079 1235 idest,
2109 1143 2668 1238 cogitabunduS,
2705 1144 2876 1217 abs-

532 1271 832 1358 tractuS,
885 1272 1003 1338 tra
1053 1271 1240 1337 tante
1280 1266 1607 1356 primizie
1673 1265 1828 1336 dell'
1847 1270 2085 1336 eterno
2140 1267 2422 1355 piacere
2439 1291 2471 1356 ,·
2524 1265 2877 1358 primitias

531 1390 745 1459 vocat
795 1384 1048 1458 lumen
1100 1390 1173 1457 et
1228 1383 1643 1474 melodiam,
1680 1402 1847 1475 quae
1899 1388 2113 1456 erant
2164 1383 2503 1477 quaedam
2560 1404 2878 1477 praeam-

528 1504 704 1577 bula
756 1509 1211 1577 aeternorum
1262 1502 1629 1575 donorum
1684 1500 2174 1596 venientium,
2218 1524 2255 1574 e
2301 1505 2586 1592 disioso,
2622 1523 2715 1576 ex
2750 1524 2878 1597 spe

527 1623 718 1696 illius
752 1622 1046 1696 luminis
1082 1628 1155 1696 et
1189 1629 1470 1713 cantus,
1508 1619 1681 1714 quia
1724 1622 2202 1714 expectabam
2242 1621 2491 1695 videre
2529 1642 2575 1695 a
2610 1622 2878 1716 quibus

530 1750 940 1836 utrumque
1003 1739 1470 1835 procederet,
1537 1745 1610 1813 et
1662 1759 1874 1813 ecce:
1943 1742 2017 1810 L'
2046 1743 2201 1812 aire
2259 1744 2322 1813 si
2365 1745 2437 1835 fe
2486 1744 2782 1815 dinanzi
2830 1763 2879 1814 a

529 1865 675 1953 noi,
726 1862 956 1957 poetis
1019 1869 1093 1936 et
1152 1860 1489 1954 Mathildi,
1544 1866 1720 1932 sotto
1771 1863 1799 1931 i
1858 1862 2059 1932 verdi
2107 1865 2320 1951 rami,
2367 1861 2722 1935 arborum
2776 1862 2874 1936 ibi

533 1982 955 2074 virentium,
1007 1985 1109 2055 tal
1148 1985 1317 2072 qual
1346 2002 1441 2053 un
1470 1984 1633 2074 foco
1668 2001 1952 2072 acceso;
1986 1988 2148 2054 erat
2181 1981 2374 2054 idem
2414 1981 2667 2056 lumen
2702 2003 2872 2055 cum

529 2101 767 2195 primo
830 2101 957 2174 sed
1021 2101 1252 2196 magis
1313 2100 1848 2195 propinquum3
1911 2107 1986 2174 et
2066 2101 2432 2175 similiter:
2496 2124 2533 2174 e
2565 2105 2616 2174 ’l
2682 2104 2877 2176 dolce

529 2242 777 2312 suom,
818 2219 1025 2315 idest,
1061 2221 1375 2295 melodia
1425 2221 1792 2316 praedicta,
1830 2242 1960 2294 era
2007 2213 2130 2313 yid
2177 2226 2399 2317 inlesa
2443 2244 2575 2314 per
2624 2230 2832 2295 canto
2844 2248 2877 2317 ,-

531 2342 691 2415 vult
726 2339 972 2415 dicere
1024 2342 1222 2435 quod
1272 2349 1572 2436 propter
1612 2341 2231 2436 propinquitatem
2284 2343 2623 2437 apparuit
2675 2344 2873 2416 illam

534 2460 923 2534 melodiam
977 2472 1137 2535 esse
1188 2462 1660 2535 cantantium.
1715 2462 1804 2534 Et
1855 2469 2028 2536 nota
2064 2462 2261 2556 quod
2301 2462 2492 2535 bene
2527 2462 2877 2535 assimilat

534 2578 752 2653 istum
809 2581 1267 2676 splendorem
1321 2581 1490 2677 igni,
1544 2581 1717 2674 quia
1771 2581 2110 2655 veniebat
2168 2602 2214 2655 a
2273 2581 2544 2675 Spiritu
2596 2589 2874 2675 sanct0,

531 2701 659 2795 qui
714 2701 988 2794 ubique
1038 2700 1403 2797 figuratur
1454 2701 1527 2773 in
1580 2701 1766 2796 igne.
1797 2741 1897 2754 —
1931 2705 2010 2774 0.
2050 2700 2179 2774 Hic
2214 2708 2429 2795 poeta
2469 2701 2876 2794 descriptu-

529 2843 658 2895 rus
711 2822 934 2895 altam
988 2820 1374 2895 materiam
1426 2819 1594 2894 facit
1645 2819 2177 2894 invocationem
2224 2840 2434 2893 suam
2479 2820 2572 2894 ad
2627 2840 2877 2893 musas

530 2941 927 3035 implorans
990 2940 1392 3013 subsidium
1458 2946 1532 3013 et
1597 2940 1927 3013 favorem
1991 2959 2279 3034 earum,
2347 2939 2518 3034 quia
2583 2960 2877 3033 semper

528 3063 803 3136 studuit
871 3062 1060 3155 ipsas
1129 3062 1535 3152 bonorare3
1604 3059 1767 3133 ideo
1834 3060 2105 3133 debent
2172 3060 2453 3157 dignari
2523 3060 2878 3134 adiuvare

530 3182 788 3276 ipsum.
841 3181 1026 3255 Dicit
1075 3202 1294 3276 ergo:
1359 3184 1420 3253 0
1468 3200 1674 3253 sacre
1718 3187 1919 3253 sante
1958 3183 2255 3271 verpini,
2290 3181 2495 3273 idest,
2531 3201 2577 3253 o
2612 3180 2873 3253 divinae

535 3322 766 3375 musae
817 3322 984 3396 quae
1035 3301 1263 3375 facitis
1315 3301 1647 3375 homines
1681 3322 1929 3375 sacros
1981 3307 2055 3375 et
2105 3307 2414 3394 sanctos,
2457 3300 2646 3374 sicut
2687 3300 2879 3374 bene

529 3421 842 3496 ostendit
891 3420 1169 3493 Tullius
1220 3421 1294 3493 in
1345 3420 1679 3494 oratione
1729 3441 1863 3514 pro
1915 3420 2179 3494 Archia
2228 3425 2678 3514 praeceptore
2713 3439 2873 3512 suo,

530 3542 784 3631 capion
831 3542 930 3612 mi
974 3561 1272 3633 sprona,
1307 3540 1512 3632 idest,
1550 3546 1770 3634 urget
1813 3546 1889 3612 et
1934 3539 2258 3613 stimulat
2311 3559 2452 3633 me,
2500 3539 2670 3633 quia
2707 3559 2872 3612 sum

529 3662 602 3735 in
655 3660 962 3734 articulo
1013 3661 1203 3753 forti,
1247 3663 1350 3733 ck'
1374 3665 1446 3732 io
1497 3656 1726 3733 merce*
1769 3681 1856 3731 ne
1906 3661 2185 3749 chiami,
2229 3659 2432 3752 idest,
2489 3660 2871 3753 implorem

530 3781 922 3877 benignam
974 3781 1286 3876 gratiam
1340 3788 1687 3872 vestram,
1738 3800 1813 3851 se
1862 3781 2011 3851 mai
2039 3782 2342 3871 soffersi,
2377 3781 2436 3851 si
2491 3801 2625 3873 pro
2678 3778 2873 3871 quia,

524 3903 730 3993 fami,
751 3902 992 3993 freddi
1029 3922 1074 3972 o
1109 3902 1376 3992 vigili&
1416 3920 1584 3973 nam
1629 3900 1787 3971 haec
1822 3898 2288 3971 incommoda
2341 3903 2415 3971 et
2463 3898 2605 3971 alia
2641 3896 2874 3969 multa

529 4020 682 4113 tuli,
725 4041 862 4111 per
914 4021 1053 4110 voi,
1107 4040 1240 4114 pro
1291 4018 1590 4092 scientia
1652 4017 1933 4112 poetica
1998 4015 2448 4109 acquirenda
2509 4022 2585 4088 et
2650 4014 2878 4087 susci-

530 4139 770 4232 tanda,
825 4161 993 4233 quae
1045 4146 1340 4212 mortua
1393 4145 1555 4212 erat
1606 4144 1942 4231 tempore
2004 4157 2197 4210 meo.
2252 4135 2340 4208 Et
2406 4136 2634 4231 tangit
2699 4155 2880 4209 cau-

534 4276 691 4330 sam
744 4257 1240 4349 invocationiS,
1292 4257 1577 4331 dicens:
1640 4278 1729 4328 or
1779 4276 2070 4344 conven,
2123 4254 2328 4348 idest,
2383 4254 2601 4328 modo
2653 4275 2878 4349 expe-

532 4378 656 4471 dit,
709 4381 828 4451 che
891 4380 1206 4468 Elicona,
1265 4378 1421 4450 fons
1481 4376 1803 4468 Parnasi,
1855 4376 1948 4450 de
2008 4375 2218 4448 cuius
2275 4395 2472 4468 aqua
2535 4376 2879 4449 dicuntur

532 4505 789 4593 potare
839 4504 1095 4592 poetae,
1152 4518 1290 4589 per
1348 4517 1456 4569 me
1513 4500 1722 4586 versi,
1774 4496 1982 4590 idest,
2042 4516 2301 4569 versus
2364 4494 2601 4589 saciat,
2671 4495 2877 4589 quasi

531 4618 760 4693 dicat:
817 4638 1013 4691 nunc
1065 4623 1352 4712 oportet
1402 4616 1600 4710 quod
1651 4615 1991 4689 hauriam
2053 4615 2144 4690 de
2201 4615 2400 4689 sonte
2450 4614 2733 4708 poetico
2784 4613 2877 4687 ad
