3734 5567
1008 502 1152 570 436
1336 501 1342 507 ’
1793 460 2201 566 commu
2252 511 2581 564 PAnAmsi
2649 457 2654 462 ⁴

1007 678 1155 732 una
1207 662 1458 730 aestate
1507 655 1797 729 duobus
1847 654 2166 729 victoriis
2205 655 2566 752 gloriosus
2620 653 2894 728 redivit
2948 653 3025 724 in
3061 650 3341 725 Galliam

1004 775 1516 871 *cisalpinam
1571 774 1814 848 Caesar
1864 773 2126 848 deinde
2178 794 2521 853 reversus
2571 774 2644 846 in
2692 770 3090 847 Galliam*
3121 763 3192 861 (¹)
3233 770 3348 842 ba-

1004 896 1164 971 buit
1229 895 1506 969 bellum
1575 893 2112 967 atrocissimum
2182 914 2355 968 cum
2437 892 2739 986 NerviiS,
2806 890 2941 984 qui
3017 889 3217 964 ferox
3281 896 3344 962 et

1003 1015 1276 1088 durum
1331 1033 1565 1109 genus
1610 1012 2018 1105 bominum,
2055 1019 2205 1086 tam
2264 1013 2623 1087 obstinate
2671 1015 3231 1108 pugnaverunt,
3273 1015 3342 1080 ut

1003 1134 1288 1227 equites
1339 1131 1813 1207 Trevirorum
1865 1132 2210 1228 fugerent
2269 1133 2397 1227 qui
2449 1139 2810 1207 venerant
2865 1131 2944 1204 in
2997 1128 3337 1203 auxilium

1005 1253 1329 1329 caesaris.
1385 1251 1524 1325 Sed
1575 1252 1818 1325 Caesar
1867 1271 2042 1325 cum
2096 1273 2386 1348 semper
2444 1253 2978 1348 magnanimus
3031 1254 3237 1341 esset,
3283 1248 3341 1319 in

1006 1374 1292 1469 magnis
1331 1371 1671 1467 periculis
1707 1372 2075 1446 maximus
2102 1364 2203 1467 (²),
2239 1373 2596 1447 auxilium
2640 1372 2846 1465 quod
2882 1369 3184 1445 aliunde
3216 1389 3341 1440 non

1005 1497 1290 1588 poterat
1340 1514 1384 1566 a
1437 1492 1671 1587 seipso
1720 1491 2045 1586 accepit3
2099 1514 2271 1566 nam
2325 1494 2654 1568 detracto
2707 1500 2931 1567 scuto
2987 1492 3117 1565 uni
3160 1487 3337 1563 militi

1006 1598 1144 1687 suo
1195 1613 1266 1686 in
1321 1612 1632 1707 primam
1685 1611 1920 1686 aciem
1973 1632 2304 1706 currens,
2355 1633 2614 1688 amore
2664 1619 2740 1687 et
2800 1612 3099 1708 pudore
3151 1628 3340 1684 revo-

1003 1733 1182 1808 catis
1232 1731 1382 1806 suis
1417 1732 1891 1828 reintegravit
1923 1754 2272 1828 pugnam.
2311 1732 2425 1807 Sic
2462 1754 2768 1807 romana
2805 1727 3334 1828 perseverantia

1003 1852 1474 1949 pertinaciam
1525 1851 1964 1926 Nerviorum
2004 1852 2194 1945 vicit,
2247 1859 2321 1926 et
2370 1853 2611 1927 Caesar
2647 1853 2888 1927 factus
2932 1858 3047 1926 est
3087 1850 3333 1939 victor,

1004 1994 1140 2068 pro
1191 1993 1337 2066 qua
1393 1971 1693 2047 victoria
1747 1971 2171 2066 supplicatio
2223 1973 2636 2066 quindecim
2689 1972 2991 2047 dierum
3032 1971 3212 2045 facta
3237 1972 3336 2041 est

1006 2092 1283 2166 Romae.
1348 2092 1592 2166 Caesar
1643 2090 1903 2165 deinde
1952 2092 2282 2166 transivit
2330 2093 2667 2167 Rhenum
2721 2093 2797 2166 in
2851 2089 3329 2177 Germaniam,

1005 2209 1196 2284 facto
1247 2216 1468 2303 ponte
1515 2208 1906 2283 artificioso
1940 2211 2174 2305 valde,
2219 2212 2344 2286 ubi
2384 2213 2578 2287 stetit
2612 2213 2852 2286 solum
2893 2213 3151 2287 decem
3189 2213 3330 2281 octo

1006 2328 1308 2403 diebus:
1364 2335 1438 2403 et
1489 2349 1833 2403 reversus
1897 2329 1970 2402 in
2021 2330 2351 2424 Galliam,
2404 2331 2590 2405 facto
2655 2353 2934 2429 magno
2999 2330 3327 2424 apparatu

1007 2450 1333 2543 navium,
1372 2449 1699 2523 transivit
1747 2449 1822 2522 in
1862 2450 2308 2525 Britanniam
2363 2453 2578 2526 tertio
2627 2473 2822 2526 anno
2873 2450 3043 2526 belli
3095 2442 3328 2544 gallici,

1008 2570 1180 2665 quia
1232 2569 1577 2668 britanni,
1597 2569 1947 2645 dederant
1996 2570 2269 2645 auxilia
2319 2572 2546 2667 gallis.
2606 2572 2708 2645 Ibi
2742 2593 3008 2666 passus
3051 2574 3158 2643 est
3197 2583 3331 2637 ma-

1008 2710 1231 2786 gnam
1292 2694 1824 2782 tempestatem,
1891 2689 1989 2762 ita
2048 2697 2131 2763 ut
2196 2710 2580 2764 romanam
2642 2691 3036 2765 audaciam
3102 2680 3324 2759 mundi

1009 2806 1272 2881 finibus
1321 2828 1466 2881 non
1518 2813 1935 2881 contentam
1990 2808 2350 2904 castigare
2389 2809 2763 2885 videretur
2797 2810 3183 2896 Oceanus;
3215 2798 3321 2875 sed

1009 2946 1144 3021 pro
1195 2926 1495 3000 victoria
1548 2926 1974 3020 supplicatio
2026 2926 2276 3022 viginti
2327 2928 2613 3003 dierum
2670 2930 2856 3004 facta
2914 2937 3028 3004 est
3071 2928 3319 3009 Romae‚

1010 3044 1207 3138 quod
1259 3066 1638 3137 nunquam
1691 3052 1862 3119 ante
1916 3044 2186 3119 factum
2243 3046 2522 3121 fuerat:
2567 3054 2640 3122 et
2690 3057 2964 3142 quarto
3015 3063 3202 3120 anno
3233 3040 3324 3112 vi-

1007 3161 1220 3235 sitata
1254 3163 1481 3237 Gallia
1532 3164 1876 3258 cisalpina
1928 3170 2002 3238 et
2052 3165 2349 3260 illyrica,
2392 3187 2561 3260 quae
2609 3189 2807 3242 nunc
2845 3169 3117 3244 dicitur
3148 3161 3324 3236 Scla-

1005 3280 1247 3374 vonia,
1310 3288 1385 3354 et
1450 3289 1611 3355 erat
1676 3284 1814 3355 sub
1874 3283 2236 3378 legatione
2300 3307 2475 3381 sua,
2535 3287 2802 3362 iterum
2874 3283 3202 3364 transivit
3257 3278 3321 3350 in

1002 3397 1448 3472 Britanniam
1503 3420 1674 3473 cum
1730 3401 1985 3475 maiori
2039 3410 2494 3500 tempestate,
2550 3407 2673 3480 ubi
2725 3408 2919 3482 bello
2967 3405 3136 3482 vicit
3169 3401 3319 3475 Cas-

1004 3517 1439 3591 sivellanum
1493 3520 1735 3592 virum
1797 3521 2271 3595 fortissimum
2334 3544 2559 3618 quem
2625 3546 2884 3601 omnes
2949 3528 3205 3602 ducem
3255 3520 3317 3588 et

1007 3656 1260 3733 regem
1335 3637 1655 3712 fecerant
1718 3640 1913 3734 apud
1972 3642 2419 3716 Leondinam
2489 3643 2879 3737 civitatem,
2936 3665 3101 3740 quae
3159 3645 3314 3711 tunc

1004 3755 1526 3831 Trinobantum
1567 3760 2010 3853 vocabatur3
2045 3769 2119 3835 et
2161 3769 2450 3857 recepta
2486 3764 2676 3839 urbe
2716 3785 2889 3839 cum
2927 3766 3085 3840 aliis
3124 3757 3314 3854 quin-

1003 3898 1152 3971 que
1202 3899 1454 3972 pacem
1508 3879 1701 3954 dedit
1750 3880 2261 3974 Cassivellano,
2320 3889 2705 3958 contentus
2769 3885 3023 3961 fecisse
3085 3892 3311 3974 regem

1001 4002 1077 4070 et
1128 3998 1574 4072 Britanniam
1630 3999 2116 4095 tributariam,
2170 4008 2246 4076 et
2305 4022 2648 4077 reversus
2714 4011 2824 4078 est
2894 4005 2963 4078 in
3035 3996 3308 4077 Galliam

1003 4135 1267 4190 sereno
1305 4118 1513 4212 mari,
1541 4119 1738 4212 quod
1773 4141 1910 4193 suo
1942 4119 2280 4196 domitori
2309 4124 2668 4217 gratulari
2697 4125 3100 4199 videbatur.
3129 4119 3309 4191 Anno

1002 4234 1257 4327 quinto
1309 4238 1528 4311 buius
1577 4238 1744 4312 belli
1794 4239 2002 4332 quasi
2054 4261 2311 4314 omnae
2361 4243 2532 4337 galli
2585 4245 3036 4319 rebellarunt
3074 4227 3310 4317 Caesari

1001 4351 1192 4426 duce
1224 4353 1735 4429 luduciomaro
1770 4358 2179 4451 trevirensi,
2209 4380 2434 4453 quem
2470 4362 2834 4439 Labienus
2870 4367 3146 4462 legatus
3177 4354 3312 4428 Cae·

1124 4543 1182 4684 ἒξ
1212 4544 1286 4669 llic
1304 4544 1607 4670 ἑέιέξθΐη
1639 4547 1656 4595 i
1689 4546 1791 4596 due
1821 4549 2089 4599 asteriscbi
2122 4564 2216 4601 son
2247 4552 2472 4615 supputo
2504 4553 2586 4603 dai
2615 4552 2788 4605 codici
2822 4559 2852 4604 4
2882 4567 2914 4603 ο
2946 4554 3166 4603 Estense·
