3734 5567
1214 464 1491 521 CAN'rus
1542 467 1926 521 vidissimus
1976 468 2261 521 ramus.
2815 462 2898 526 11

561 611 729 686 licet
779 610 973 705 velit,
1012 617 1259 685 tamen
1312 631 1458 684 non
1508 610 1871 686 desiderat
1912 612 2311 687 ascendere
2359 619 2532 688 ante
2582 615 2901 689 debitam

563 730 1167 824 satisfactionem;
1221 736 1294 805 et
1344 750 1518 805 ecce
1570 751 1912 804 causam:
1966 735 2110 823 che,
2162 732 2366 826 idest,
2420 733 2616 828 quia,
2673 738 2746 806 la
2797 738 2908 808 di-

561 853 729 923 vina
776 853 1100 941 qiustizia
1146 871 1329 941 pone
1380 852 1459 922 al
1504 857 1871 942 tormentO,
1924 852 2150 945 ipsam
2204 852 2529 926 animam
2596 874 2908 948 peccan-

561 970 671 1064 tis,
724 991 859 1042 con
908 973 1010 1042 tal
1056 973 1318 1061 voqlia,
1381 970 1636 1044 eadem
1705 972 2086 1045 voluntate
2151 972 2405 1067 libera,
2457 995 2649 1047 come
2699 979 2781 1068 su
2832 978 2909 1047 al

545 1111 850 1183 pecc-ar.-
900 1091 994 1164 de
1044 1091 1166 1164 tali
1216 1091 1597 1166 voluntate
1645 1091 1931 1166 dicetur
1964 1092 2148 1166 infra
2185 1093 2503 1187 capitulo
2541 1096 2906 1169 XXIII.—

553 1216 646 1284 Et
686 1213 778 1283 io,
832 1210 962 1285 Hic
1026 1210 1297 1284 Statius
1365 1210 1753 1285 confirmat
1826 1211 2025 1305 quod
2099 1212 2278 1285 dixit
2344 1215 2684 1309 exemplo
2761 1215 2900 1310 sui,

553 1338 629 1406 et
680 1331 782 1406 sic
834 1331 1245 1407 manifestat
1308 1353 1520 1405 suam
1585 1332 2114 1406 liberationem.
2168 1332 2352 1407 Dicit
2411 1353 2631 1430 ergo:
2694 1341 2784 1409 Et
2831 1338 2901 1408 io

552 1453 673 1525 che
719 1473 849 1524 son
897 1455 1198 1543 yiaciuto
1249 1471 1297 1523 a
1348 1461 1585 1543 questa
1633 1455 1902 1543 doylia,
1944 1453 2149 1542 idest,
2194 1473 2334 1550 ego
2386 1454 2512 1549 qui
2563 1454 2896 1529 subiacui

553 1572 725 1648 huic
774 1573 1131 1647 dolorosae
1181 1593 1418 1667 poenae
1467 1593 1896 1666 avarorum,
1963 1576 2395 1664 cinquecento
2447 1578 2621 1648 anni
2667 1597 2705 1648 e
2744 1570 2895 1667 piz't,

550 1692 742 1766 ultra
797 1697 1146 1786 quartum
1200 1692 1684 1766 centesimum
1737 1713 2016 1765 annum
2071 1713 2221 1787 quo
2267 1699 2569 1770 steterat
2602 1715 2735 1788 pro
2771 1715 2898 1767 ac-

548 1810 730 1885 cidia
782 1810 856 1884 in
908 1816 1175 1904 quarto
1227 1811 1530 1910 circulo,
1583 1816 1668 1883 ut
1726 1811 2014 1885 dicetur
2072 1812 2280 1906 infra,
2326 1834 2471 1906 pur
2531 1835 2648 1885 mo
2695 1816 2896 1887 santii

547 1932 768 2005 libera
822 1920 1104 2003 volontd
1153 1933 1229 2003 di
1276 1932 1557 2020 miylior
1590 1933 1844 2022 soqlia,
1882 1930 2087 2024 idest,
2128 1932 2560 2007 ascendendi
2607 1933 2699 2005 ad
2737 1952 2896 2007 me-

548 2049 806 2124 liorem
850 2057 926 2124 et
967 2049 1421 2144 superiorem
1458 2049 1797 2144 gradum.
1835 2051 1924 2124 Et
1958 2051 2323 2125 concludit
2357 2051 2649 2145 StatiuS,
2695 2052 2891 2146 quod

547 2170 667 2244 ille
716 2177 997 2244 tremor
1051 2169 1317 2242 montis
1367 2175 1441 2243 et
1491 2170 1770 2244 clamor
1820 2170 2210 2265 spirituum
2275 2171 2507 2246 factus
2559 2179 2669 2246 est
2720 2193 2894 2266 pro-

548 2296 713 2385 pter
761 2311 960 2365 eum.
1021 2289 1205 2364 Dicit
1270 2309 1491 2385 ergo:
1533 2283 1716 2382 perd
1776 2294 2037 2364 sencisci
2100 2294 2157 2363 il
2210 2298 2526 2383 minoto,
2586 2315 2623 2365 e
2683 2295 2733 2365 li
2787 2296 2896 2385 pii

544 2413 798 2503 spiriti,
850 2410 1139 2504 scilicet,
1190 2432 1617 2505 avarorum,
1672 2411 1798 2504 qui
1858 2411 2161 2485 fuerunt
2227 2412 2301 2485 in
2363 2412 2509 2486 vita
2569 2413 2767 2508 impii
2820 2421 2895 2488 et

546 2529 725 2604 alios
775 2530 1093 2623 spirituS,
1139 2552 1272 2622 per
1334 2534 1403 2604 lo
1466 2538 1693 2603 monte
1754 2534 2015 2604 render
2075 2535 2230 2605 lode
2297 2554 2345 2605 α
2403 2536 2560 2624 quel
2605 2537 2893 2625 Siynor,

544 2650 903 2725 dicentes:
940 2650 1241 2726 Gloria
1221 2672 1292 2724 in
1329 2652 1632 2726 excelsis
1668 2652 1843 2745 De0,
1881 2654 2001 2724 che
2034 2659 2210 2726 tosto
2241 2674 2324 2726 su
2355 2657 2655 2745 ql’invii,
2684 2655 2889 2751 idest,

545 2770 813 2866 dirigat
861 2770 953 2844 ad
1006 2771 1423 2865 superiores
1462 2772 1737 2866 gradus
1771 2770 1961 2844 sicut
1997 2793 2117 2846 me
2151 2772 2468 2846 inviavit.
2505 2775 2592 2846 Et
2629 2775 2888 2848 ultimo

545 2895 761 2984 poeta
814 2889 1014 2984 ponit
1080 2889 1424 2964 effectum
1488 2890 1973 2984 responsionis
2035 2891 2241 2965 factae
2299 2913 2344 2965 a
2408 2891 2657 2985 Statio,
2710 2893 2881 2986 quia

548 3009 900 3083 remansit
950 3008 1361 3102 quietatum
1416 3009 1856 3083 desiderium
1911 3009 2070 3084 eius
2120 3010 2442 3084 omnino.
2489 3011 2671 3084 Dicit
2706 3032 2886 3107 ergo

544 3127 1079 3202 continuative:
1134 3121 1275 3202 cosi
1321 3132 1423 3220 qli
1470 3132 1677 3219 disse,
1712 3128 1985 3203 Statius
2012 3130 2307 3225 Virgilio
2328 3155 2349 3224 3
2384 3153 2422 3202 e
2454 3151 2598 3203 non
2647 3136 2887 3224 saprei

537 3248 656 3319 dir
706 3255 967 3338 quanto
1017 3252 1114 3321 mi
1155 3254 1303 3343 fece
1344 3253 1574 3342 prode
1586 3275 1617 3342 ,-
1653 3249 1861 3344 quasi
1913 3250 2142 3326 dicat:
2181 3250 2394 3323 nimis
2429 3251 2732 3346 profecit
2766 3253 2880 3326 siti

542 3387 729 3441 meae
781 3370 1119 3465 naturali,
1173 3370 1266 3445 de
1315 3391 1463 3463 qua
1514 3369 1789 3444 dictum
1852 3376 1965 3445 est
2023 3371 2098 3443 in
2158 3371 2508 3466 principio
2566 3374 2882 3468 capituli.

541 3488 694 3562 Hoc
765 3495 1018 3564 autem
1096 3490 1416 3565 declarat
1491 3511 1625 3585 per
1700 3492 2209 3584 metaphoram
2289 3492 2884 3590 propriissimam,

541 3606 788 3681 dicens
836 3611 1074 3685 clare:
1122 3604 1299 3703 perd
1358 3613 1476 3682 olle
1537 3614 1599 3683 si
1661 3613 1844 3701 yode
1895 3618 2087 3684 tanto
2155 3614 2270 3684 del
2324 3613 2483 3684 bere
2543 3620 2802 3705 quanto
2851 3611 2894 3688 e*

537 3730 818 3817 grande
865 3732 937 3801 la
986 3737 1142 3802 sete.
1187 3731 1274 3803 Et
1319 3730 1436 3804 hic
1473 3734 1641 3803 nota
1678 3729 1877 3824 quod
1911 3730 2107 3824 potio
2149 3736 2260 3805 est
2298 3736 2512 3826 grata
2546 3752 2694 3805 non
2729 3738 2883 3806 tam

540 3867 634 3922 ex
686 3849 1036 3942 qualitate
1098 3850 1267 3944 vini,
1331 3872 1555 3944 quam
1617 3870 1707 3924 ex
1769 3850 2235 3944 dispositione
2296 3850 2643 3945 bibentis;
2696 3851 2883 3926 sicut

538 3968 773 4065 gratia
824 3971 1138 4065 exempli
1190 3972 1458 4046 Xerses
1511 3970 2057 4066 potentissimus
2109 3992 2240 4046 rex
2293 3990 2703 4066 persarum,
2753 3970 2881 4065 qui

538 4107 712 4163 cum
749 4089 1262 4166 innumerabili
1299 4092 1632 4166 exercitu
1670 4091 1932 4166 invasit
1956 4090 2313 4166 Graeciam
2340 4091 2516 4164 dum
2550 4091 2785 4166 viliter
2809 4084 2881 4184 (¹)

536 4209 942 4284 debellatus
991 4211 1303 4306 turpiter
1355 4218 1429 4286 et
1479 4211 1759 4306 trepide
1809 4211 2123 4308 fugeret,
2175 4211 2328 4286 visa
2379 4211 2453 4285 in
2514 4212 2631 4287 via
2684 4234 2879 4308 aqua

540 4329 851 4423 turbida,
895 4329 1167 4424 foetida,
1209 4331 1453 4404 statim
1490 4330 1877 4406 declinavit
1911 4332 2004 4406 ad
2040 4338 2321 4406 terram
2358 4337 2433 4405 et
2471 4332 2689 4425 coepit
2721 4333 2885 4407 avi-

666 4587 720 4650 (¹)
753 4588 815 4638 E.
847 4588 1082 4641 viriliter.
