3734 5567
1296 505 1572 563 CANTUS
1623 507 1986 561 smrrmus.
2676 496 2818 561 477

469 660 581 729 est
612 652 944 727 distincta
971 651 1066 725 ab
1091 651 1264 745 alia3
1297 652 1492 727 unde
1516 653 1719 727 dicit:
1755 660 1998 726 creata
2023 656 2105 746 fu
2143 654 2216 725 la
2250 655 2548 725 maceria
2581 655 2821 744 ch’eyli

467 776 737 864 hanno,
762 772 1057 865 scilicet,
1096 771 1406 845 materia
1432 772 1854 867 praeiacenS,
1885 774 1999 848 vel
2028 773 2338 847 materia
2373 773 2608 868 prima
2646 794 2814 867 quae

466 895 732 970 dicitur
784 895 904 989 yle
933 886 1035 986 (¹),
1085 900 1327 965 creata
1372 898 1454 987 fu
1511 895 1585 966 la
1644 888 1829 967 virt&
1895 896 2345 988 informante,
2405 913 2573 988 quae
2622 893 2814 967 dedit

466 1016 781 1090 formam
836 1013 962 1106 eiS,
1002 1014 1079 1084 in
1130 1019 1356 1104 queste
1397 1016 1584 1086 stelle
1616 1016 1735 1085 che
1758 1016 2039 1087 ’ntorno
2085 1035 2134 1086 α
2176 1017 2291 1086 lor
2325 1035 2589 1104 vamw,
2640 1012 2812 1105 quia

464 1137 749 1232 spherae
783 1134 1119 1207 coelestes
1158 1134 1562 1208 volvuntur
1598 1134 1794 1208 circa
1833 1135 2135 1229 spheras
2184 1135 2814 1209 elementares—

465 1260 541 1330 L’
568 1258 833 1329 anima.
886 1253 1018 1328 Hic
1070 1253 1367 1328 Beatrix
1419 1254 1735 1328 ostendit
1788 1255 1980 1329 idem
2042 1255 2117 1328 in
2174 1255 2561 1329 animabus
2614 1253 2810 1348 quod

451 1377 608 1471 J‘am
663 1374 974 1449 ostendit
1023 1374 1098 1446 in
1149 1374 1619 1469 corporibus:
1674 1380 1747 1449 et
1781 1377 1941 1450 vult
1992 1375 2514 1450 sententialiter
2565 1375 2811 1448 dicere

461 1496 659 1589 quod
727 1495 914 1569 sicut
973 1494 1044 1567 in
1116 1495 1548 1588 corporibus
1610 1494 1861 1588 aliqua
1925 1503 2097 1570 sunt
2166 1495 2532 1569 mediante
2598 1496 2809 1589 coelo,

461 1617 650 1690 sicut
699 1618 1063 1690 elementa
1117 1622 1191 1690 et
1240 1616 1704 1709 elementata,
1756 1614 2005 1708 aliqua
2062 1636 2243 1690 vero
2294 1615 2715 1689 immediate
2765 1635 2810 1688 a

461 1736 639 1829 Deo,
675 1735 862 1809 sicut
913 1734 1044 1828 ipsi
1094 1733 1297 1828 coeli3
1352 1733 1450 1808 ita
1499 1734 1767 1829 aliquae
1820 1734 2087 1808 animae
2144 1734 2526 1809 subiacent
2573 1732 2809 1807 motui

462 1856 654 1950 coeli,
707 1855 868 1929 ideo
920 1854 1189 1930 babent
1222 1854 1445 1929 finem
1498 1861 1573 1928 et
1622 1855 2214 1950 corruptionem3
2252 1855 2587 1949 quaedam
2625 1874 2807 1928 vero

464 1998 609 2051 non
661 1975 1040 2050 subiacent
1099 1975 1337 2049 motui
1398 1975 1588 2069 coeli,
1641 1974 1806 2049 ideo
1865 1980 2039 2047 sunt
2097 1975 2567 2048 immortales,
2621 1973 2808 2047 Dicit

462 2117 683 2192 ergo:
720 2101 819 2169 Lo
851 2099 1110 2187 rayqio
1161 2117 1199 2167 e
1222 2098 1274 2169 'l
1320 2103 1504 2168 moto
1553 2097 1726 2168 delle
1765 2096 1902 2168 luci
1931 2101 2154 2184 sante,
2190 2094 2393 2187 idest,
2432 2093 2801 2168 influentia

458 2223 534 2291 et
597 2216 825 2290 virtus
894 2217 1296 2310 stellarum,
1363 2219 1529 2308 cira,
1606 2215 1809 2307 idest,
1889 2213 2103 2308 elicit,
2173 2217 2216 2287 ἴ
2244 2216 2484 2286 anima
2549 2216 2803 2303 d’oym’

456 2338 686 2428 bruto,
737 2336 941 2431 idest,
993 2357 1294 2411 omnem
1344 2336 1671 2410 animam
1724 2334 2167 2427 sensitivam,
2226 2356 2265 2405 e
2312 2337 2486 2407 delle
2539 2336 2803 2424 piante,

459 2456 665 2551 idest,
716 2477 1012 2531 omnem
1065 2457 1386 2531 animam
1441 2455 1960 2552 vegetativam,
2029 2456 2105 2527 di
2161 2456 2614 2545 complession
2664 2475 2804 2546 po-

458 2578 788 2666 tenziata,
840 2575 1012 2668 quia
1065 2575 1224 2648 talis
1273 2576 1519 2649 anima
1569 2574 1909 2650 educitur
1944 2573 2037 2648 de
2077 2573 2396 2668 potentia
2451 2574 2801 2667 materiae,

458 2695 640 2770 idest
669 2687 743 2788 (²)
795 2695 1015 2768 simul
1065 2715 1238 2769 cum
1292 2715 1603 2789 corpore
1652 2695 1915 2789 oritur,
1967 2694 2187 2767 simul
2246 2693 2584 2767 moritur.
2637 2694 2798 2767 Non

456 2816 557 2889 sic
600 2821 709 2890 est
759 2816 851 2889 de
899 2815 1145 2889 anima
1191 2815 1550 2909 rationali,
1586 2815 1760 2909 quia
1790 2805 1865 2905 (³)
1909 2813 2108 2888 veuit
2137 2814 2233 2888 ab
2270 2819 2501 2906 extra,
2528 2812 2798 2886 scilicet

453 2957 499 3010 a
548 2935 726 3027 De0,
778 2942 853 3011 et
904 2943 1015 3010 est
1066 2955 1185 3009 res
1234 2934 1500 3008 divina.
1553 2934 1760 3008 Unde
1808 2933 2015 3007 dicit:
2069 2954 2188 3006 ma
2239 2936 2311 3006 la
2359 2953 2629 3005 somma
2684 2931 2800 3004 be-

455 3058 799 3146 ninanza,
853 3055 1055 3149 idest,
1093 3054 1604 3129 benevolentia
1656 3059 1731 3128 et
1781 3052 2189 3148 benignitas
2236 3053 2389 3146 Dei,
2424 3055 2621 3144 spira
2668 3072 2800 3124 no-

454 3181 608 3248 stra
656 3177 827 3266 vita,
878 3176 1061 3250 idest
1109 3175 1435 3249 animam
1502 3175 1909 3250 humanam
1975 3173 2295 3248 creando
2355 3171 2663 3246 infundit
2726 3176 2798 3245 et

454 3293 896 3369 infundendo
948 3302 1175 3388 creat,
1224 3315 1445 3367 senza
1496 3315 1766 3387 mezzo,
1826 3293 1983 3367 sine
2032 3293 2457 3388 operatione
2513 3292 2700 3386 coeli,
2761 3315 2799 3366 e

454 3415 528 3484 la
574 3416 956 3486 innumora
1006 3415 1081 3487 di
1127 3410 1227 3503 se‘,
1262 3413 1434 3507 quia
1473 3412 1828 3487 naturalis
1876 3432 2090 3486 amor
2141 3419 2251 3486 est
2300 3411 2391 3486 ad
2442 3412 2704 3504 Deum,
2738 3402 2799 3484 si

453 3534 572 3605 che
609 3537 738 3626 poi
781 3555 1057 3626 sempre
1105 3537 1177 3605 la
1226 3535 1480 3625 (tisim,
1516 3533 1689 3625 quia
1725 3553 2139 3626 numquam
2176 3532 2549 3627 quietatur
2584 3553 2798 3607 amor

454 3660 530 3728 et
577 3645 1016 3728 desiderium
1073 3653 1386 3727 bominis
1439 3653 1575 3727 nisi
1606 3654 1682 3727 in
1714 3653 1860 3728 fine
1903 3653 2155 3728 redeat
2186 3653 2279 3727 ad
2314 3653 2552 3748 ipsum
2595 3653 2798 3748 priu-

450 3773 745 3869 cipium.
799 3775 886 3846 Et
935 3773 1052 3847 hic
1105 3779 1276 3848 nota
1327 3774 1526 3868 quod
1577 3793 1751 3847 cum
1816 3774 2014 3848 Deus
2074 3793 2367 3847 summe
2433 3773 2672 3846 bonus
2723 3779 2794 3846 et

448 3895 771 3991 perfecte
805 3894 1064 3968 beatus
1099 3894 1542 3969 aeternaliter
1577 3894 1822 3988 fuerit,
1856 3894 2090 3968 voluit
2124 3893 2367 3968 facere
2405 3893 2585 3967 alios
2626 3913 2796 3986 par-

448 4015 696 4111 ticipes
729 4013 1195 4089 beatitudinis
1221 4002 1328 4108 (.⁴);
1357 4021 1430 4089 et
1466 4014 1639 4108 quia
1674 4013 1832 4088 eius
1867 4012 2243 4087 beatitudo
2279 4030 2426 4086 non
2460 4015 2698 4105 potest
2717 4001 2792 4102 (¹⁵)

448 4134 858 4229 participari
911 4134 1045 4208 nisi
1096 4154 1226 4229 per
1275 4134 1750 4227 intellectum,
1785 4137 1858 4207 et
1911 4138 2187 4226 quanto
2240 4132 2476 4226 magis
2527 4130 2794 4204 intelli-

446 4253 670 4351 gitur,
724 4260 923 4327 tanto
974 4255 1209 4352 magis
1259 4256 1595 4348 babetur,
1648 4254 1812 4328 ideo
1865 4253 2034 4328 fecit
2097 4252 2525 4328 rationalem
2580 4272 2793 4326 crea-

447 4380 693 4447 turam
749 4380 831 4446 ut
880 4372 1335 4470 intelligeret,
1387 4373 1852 4470 intelligendo
1904 4381 2215 4468 amaret,
2255 4372 2573 4447 amando
2621 4393 2789 4467 pos-

569 4564 626 4626 (⁸)
659 4563 720 4612 E.
753 4562 857 4613 ilia.
1388 4563 1443 4625 (‘)
1474 4563 1537 4613 E.
1571 4563 1689 4612 ideo
1721 4561 1896 4614 simul.
2035 4560 2088 4624 (⁸)
2121 4560 2184 4613 E.
2217 4574 2248 4611 e
2280 4565 2327 4621 4,
2362 4573 2478 4624 quae
2512 4559 2667 4610 venit.

567 4640 622 4702 (⁸)
655 4640 718 4691 E.
751 4653 858 4691 suo
890 4640 1236 4692 beatitudinis.
1392 4642 1447 4704 (⁸)
1478 4639 1541 4690 E.
1571 4639 1759 4703 potuit.
