3734 5567
1068 476 1211 542 448
1850 487 2264 543 ΟΟΙΙΕΝἸὌΙ
2309 488 2646 542 ΡΔΒΔΒΙΒῙ

1065 631 1315 705 multis
1365 630 1780 726 proscriptis
1820 639 1897 706 et
1928 632 2269 727 spoliatis.
2311 632 2657 707 Octavius
2690 630 2986 705 obsedit
3019 650 3180 703 eum
3213 631 3366 706 intra

1066 751 1479 843 Perusiam,
1517 757 1594 825 et
1644 757 1805 846 post
1857 772 2203 848 magnam
2239 752 2514 825 famem
2550 748 2884 846 pepercit
2921 748 3241 841 Antonio,
3268 751 3369 824 sed

1062 870 1329 945 delevit
1377 869 1791 944 Perusium.
1845 871 2057 944 Nunc
2105 870 2199 944 ad
2249 870 2537 945 literam
2589 869 2765 944 dicit
2815 875 3081 942 autor:
3129 870 3198 941 di
3249 872 3371 959 quel

1060 993 1183 1062 che
1232 994 1332 1083 fe,
1382 990 1560 1063 illud
1621 990 1916 1087 signum
1979 991 2272 1084 aquilae,
2330 993 2444 1062 col
2500 990 2734 1062 baudo
2800 995 3146 1078 sequente,
3203 986 3368 1079 idest,

1060 1129 1236 1182 cum
1290 1109 1579 1183 Caesare
1629 1110 1962 1205 Augusto
2006 1110 2371 1183 nutritore
2409 1129 2570 1202 suo,
2612 1108 2741 1202 qui
2786 1109 2956 1202 plus
2987 1107 3256 1181 caeteris
3285 1106 3368 1180 lo-

1064 1227 1166 1304 vit
1232 1235 1307 1302 et
1364 1229 1731 1324 promovit
1778 1230 2128 1323 aquilam,
2180 1229 2394 1303 cuius
2444 1228 2892 1303 incredibilis
2942 1233 3020 1301 et
3047 1222 3122 1319 (¹)
3171 1226 3365 1300 divina

1064 1348 1292 1422 virtus
1342 1349 1715 1443 superavit
1763 1355 2099 1442 aetatem3
2167 1349 2362 1424 unde
2419 1349 2616 1444 apud
2677 1348 3042 1422 Mutinam
3107 1345 3369 1441 portavit

1059 1469 1384 1562 aquilam
1438 1469 1765 1543 humeris
1800 1469 2112 1564 propriis
2148 1470 2509 1544 moriente
2540 1468 2986 1564 aquilifer03
3026 1472 3233 1539 Bruto
3259 1485 3360 1536 oon

1063 1592 1303 1662 Cassio
1351 1592 1509 1663 nel!
1534 1592 1814 1683 mser-no
1862 1593 2082 1681 lawa,
2134 1590 2207 1663 in
2259 1596 2597 1665 extremo
2657 1588 2942 1686 frigore
2991 1584 3258 1682 glaciali
3309 1583 3363 1655 in

1058 1708 1318 1781 ultimo
1352 1708 1736 1803 supplicio:
1788 1715 1864 1783 et
1914 1714 2387 1804 praeposterat
2423 1708 2785 1801 ordinem,
2832 1706 3011 1801 quia
3047 1706 3235 1801 prius
3262 1701 3362 1774 fuit

1055 1828 1330 1902 bellum
1358 1828 1594 1902 civile
1654 1828 2071 1903 mutinense
2121 1849 2344 1922 quam
2399 1827 2896 1923 philippense3
2955 1824 3148 1899 unde
3190 1818 3357 1895 dicit:

1053 1971 1092 2022 e
1116 1952 1430 2023 Modone
1462 1970 1501 2021 e
1534 1952 1843 2040 Pet-uate
1871 1953 1944 2042 fe
1975 1953 2768 2042 dolence.—Pianqene.
2799 1948 2937 2023 Hic
2961 1943 3357 2021 lastinianus

1061 2070 1291 2166 tangit
1338 2068 1531 2143 aliud
1586 2068 1860 2142 bellum
1913 2069 2126 2143 civile
2159 2069 2433 2143 factum
2474 2070 2756 2143 famose
2791 2089 2929 2163 per
2963 2066 3354 2160 Augustum.

1052 2188 1159 2262 Ad
1194 2187 1391 2282 quod
1424 2193 1535 2262 est
1568 2187 1947 2262 sciendum
1984 2189 2184 2281 quod
2217 2190 2572 2264 Antonius
2608 2189 3110 2264 effoeminatus
3146 2197 3358 2256 amore

1052 2306 1452 2401 Cleopatrae
1502 2306 1966 2399 pulcerrimae
2017 2308 2226 2382 duxit
2275 2309 2503 2403 ipsam
2533 2301 2607 2400 (²)
2663 2309 2737 2382 in
2793 2325 3136 2397 uxorem,
3180 2317 3359 2392 repu-

1050 2426 1242 2501 diata
1267 2424 1567 2500 Octavia
1601 2445 1859 2500 sorore
1882 2426 2196 2520 Octavii3
2236 2436 2531 2523 propter
2572 2428 2771 2523 quod
2804 2435 3063 2503 ortum
3104 2426 3206 2497 est
3237 2414 3353 2490 bel·

1051 2548 1206 2620 lum
1258 2546 1450 2620 inter
1496 2545 1895 2620 Antonium
1959 2553 2034 2622 et
2101 2549 2509 2623 Octavium.
2561 2548 2911 2623 Octavius
2961 2567 3008 2620 a
3058 2536 3353 2617 Brundu-

1051 2665 1159 2739 sio
1210 2665 1541 2741 transivit
1590 2666 1664 2740 in
1717 2667 2017 2762 Epirum
2070 2688 2242 2742 cum
2297 2689 2563 2765 magna
2598 2670 2872 2763 classe3
2910 2673 2986 2742 et
3021 2663 3350 2754 Cleopatra

1050 2787 1547 2881 potentissima
1598 2807 1772 2861 cum
1825 2788 2049 2862 variis
2099 2789 2439 2885 gentibus
2479 2789 2779 2863 orientis
2819 2796 2897 2863 et
2940 2784 3102 2861 sorti
3135 2781 3344 2862 classe,

1048 2911 1121 2980 et
1172 2906 1526 2981 Antonius
1574 2928 1749 2982 cum
1802 2927 1892 2980 ea
1944 2916 2442 2982 cucurrerunt
2474 2929 2646 2982 cum
2681 2907 2988 2982 Octavio
3032 2900 3212 2977 bello
3247 2913 3350 2967 na-

1049 3024 1191 3099 vali
1243 3026 1382 3099 sub
1430 3026 1749 3100 Leucate
1802 3025 2211 3100 monte.1bi
2260 3028 2645 3122 Cleopatra
2679 3026 2919 3120 prima
2957 3042 3126 3098 cum
3155 3029 3346 3091 aurea

1049 3142 1217 3215 navi
1266 3150 1341 3217 et
1392 3145 1558 3218 velo
1608 3165 1985 3239 purpureo
2035 3145 2226 3240 cepit
2277 3145 2555 3242 fugam,
2599 3166 2826 3238 quam
2868 3146 3219 3238 sequutus
3260 3135 3345 3204 ecl

1045 3261 1434 3354 Antonius3
1479 3269 1553 3336 et
1582 3263 1926 3338 Octavius
1960 3265 2307 3339 continuo
2346 3270 2835 3360 persequutus
2871 3285 3005 3340 eos
3038 3265 3344 3356 prospere

1048 3380 1327 3455 obsedit
1376 3401 1505 3455 eos
1554 3382 1628 3455 in
1677 3383 2139 3459 Alexandria.
2195 3386 2551 3459 Antonius
2583 3385 2980 3480 desperans
3020 3392 3256 3476 pacem
3285 3382 3349 3440 ⁵0

1046 3499 1289 3596 gladio
1339 3499 1749 3595 interfecit,
1800 3502 2183 3597 Cleopatra
2238 3525 2417 3579 vero
2452 3525 2598 3578 non
2635 3506 2887 3579 valens
2927 3505 3212 3578 flectere
3240 3505 3351 3584 1³⁰·

1045 3620 1362 3695 dicitiam
1406 3620 1702 3716 juvenis
1759 3623 2063 3715 Octavii,
2129 3624 2379 3699 videns
2429 3646 2509 3700 se
2561 3625 2930 3700 reservari
2979 3621 3070 3697 ad
3119 3613 3345 3700 trium·

1043 3741 1190 3835 phu
1203 3761 1301 3834 m,
1326 3740 1622 3814 intravit
1654 3742 2076 3836 sepulcrum
2114 3743 2229 3816 sui
2265 3743 2576 3838 Antonii,
2604 3750 2679 3819 et
2713 3742 3054 3839 appositis
3092 3743 3346 3824 serpe&

1045 3860 1239 3934 tibus
1288 3861 1565 3956 pectori
1616 3882 1776 3955 suo,
1829 3862 1985 3957 ipsa
2054 3882 2422 3938 venenosa
2487 3884 2789 3959 serpens
2852 3864 2928 3937 in
2997 3851 3342 3947 complexu

1042 3980 1327 4055 Antonii
1381 3981 1591 4074 quasi
1641 3981 2014 4057 dormiens
2048 3982 2427 4077 expiravit.
2463 3983 2635 4058 Ideo
2680 3984 2871 4058 bene
2918 3980 3122 4056 dicit:
3159 3971 3342 4046 Pia·-

1038 4121 1211 4189 oene
1259 4121 1483 4173 anaor
1522 4103 1597 4173 la
1629 4104 1834 4174 trista
1879 4105 2276 4194 Cleopatra,
2313 4103 2485 4197 quia
2525 4104 2804 4197 pulcra,
2846 4107 3120 4196 potens,
3152 4088 3342 4168 divfflae

1040 4217 1478 4293 astutissima
1532 4220 1605 4293 in
1657 4227 1935 4296 tantam
1987 4221 2281 4297 devenit
2315 4222 2833 4316 infelicitatem,
2868 4239 3092 4315 quam
3133 4217 3340 4286 tamen

1043 4338 1606 4432 magnanimiter
1669 4347 1744 4414 et
1811 4341 1958 4415 cito
2017 4340 2292 4436 finivit3
2355 4342 2552 4417 unde
2615 4342 2821 4416 dicit:
2890 4343 3033 4434 che,
3078 4338 3339 4430 fitwffl·

1164 4592 1223 4655 (⁸)
1252 4592 1314 4644 Β.
1346 4594 1435 4645 uod
1468 4594 1655 4645 divina.
2385 4598 2443 4661 (¹)
2475 4599 2537 4651 Β,
2570 4614 2704 4652 enm,
