3734 5567
1149 482 1427 537 CANTns
1477 480 1906 534 Turensmns
1952 480 2342 534 SECUNDUS·
2775 470 2916 535 259

573 636 805 726 agunt
854 633 1189 724 patenter
1238 628 1423 702 sicut
1475 627 1834 722 principes
1886 631 2141 700 contra
2183 623 2592 716 ecclesiam,
2629 623 2757 698 sed
2791 644 2918 698 oc·-

572 752 790 843 culte,
841 751 957 821 del
1005 750 1302 842 monsal
1348 750 1634 837 veiculo,
1677 747 1883 839 idest,
1935 765 2203 820 currus
2257 743 2627 817 militantis
2680 744 2918 819 eccle-

571 869 717 962 siae,
756 889 924 962 quae
961 869 1543 963 triumphaverat
1587 868 1744 962 jam
1782 867 1876 940 de
1915 863 2502 960 imperatoribus,
2540 865 2660 936 che
2684 885 2918 956 parea

570 992 887 1080 diyiuna,
956 989 1161 1083 idest,
1235 988 1567 1063 famelica
1634 987 1751 1060 vel
1817 1006 2076 1078 vacua,
2137 987 2205 1056 α’
2231 987 2400 1075 oym‘
2450 984 2634 1057 buon
2680 992 2916 1077 pasto,

573 1111 779 1205 idest,
809 1110 1007 1186 omni
1043 1111 1237 1184 hona
1261 1108 1612 1202 doctrina,
1644 1106 1771 1181 sed
1808 1105 2008 1179 omni
2042 1125 2271 1200 pravo
2305 1103 2654 1200 dogmate
2686 1111 2912 1200 pasta.

575 1230 663 1304 Et
713 1230 954 1304 subdit
1006 1229 1489 1303 resistentiam
1543 1247 1771 1320 quam
1824 1224 1994 1299 facit
2029 1223 2314 1319 sapiens
2365 1230 2440 1297 et
2491 1229 2746 1317 potens
2787 1224 2921 1297 do-

581 1349 776 1424 mina
816 1357 1072 1423 contra
1108 1348 1405 1442 vulpem
1456 1346 1548 1421 de
1589 1348 1765 1441 jure
1816 1352 1890 1419 et
1940 1344 2033 1418 de
2083 1342 2298 1436 facto,
2350 1343 2634 1417 dicens:
2680 1364 2798 1416 ma
2852 1345 2925 1416 la

576 1474 720 1543 mia
769 1472 1037 1561 donna,
1089 1469 1291 1562 idest,
1344 1472 1593 1541 sancta
1645 1464 2030 1560 scriptura,
2084 1463 2295 1536 cuius
2356 1464 2665 1558 imperio
2727 1485 2925 1539 nunc

578 1611 786 1665 eram
837 1590 1147 1682 dedituS,
1195 1588 1669 1680 riprendendo
1737 1588 1849 1676 lei,
1910 1584 2179 1658 scilicet
2241 1583 2563 1677 vulpem,
2614 1587 2690 1656 di
2740 1587 2926 1657 laide

576 1713 794 1801 colpe,
846 1710 1051 1802 idest,
1113 1708 1450 1803 turpibus
1510 1705 1888 1780 erroribus
1902 1727 1928 1800 3
1997 1724 2166 1777 nam
2228 1703 2522 1778 Beatrix
2588 1704 2925 1798 opposuit

578 1829 671 1902 ad
721 1829 1216 1903 defensionem
1268 1847 1483 1901 suam
1533 1825 1831 1920 angelos
1886 1824 2015 1918 qui
2066 1829 2278 1897 erant
2313 1823 2388 1895 in
2422 1843 2677 1917 curru,
2714 1823 2922 1918 idest,

580 1969 887 2044 magnos
937 1948 1273 2023 doctores
1324 1953 1580 2021 contra
1634 1966 1942 2040 magnos
1995 1944 2400 2038 haereticoS,
2437 1944 2625 2018 sicut
2663 1945 2925 2041 Augu-

579 2067 848 2140 stinum
909 2074 1166 2142 contra
1224 2067 1604 2158 Faustum,
1667 2064 2200 2158 Hieronymum
2275 2068 2530 2138 contra
2601 2063 2923 2139 Jovinia-

579 2206 788 2278 num,
823 2186 949 2279 qui
985 2193 1391 2280 posuerunt
1441 2204 1786 2260 enormes
1822 2202 2145 2275 erroreS‚
2178 2182 2367 2256 sicut
2401 2183 2554 2277 ipse
2603 2183 2924 2258 Jovinia-

579 2325 718 2377 nus
745 2305 870 2397 qui
903 2305 1131 2378 voluit
1157 2305 1647 2401 virginitatem
1676 2303 1952 2377 nullam
1980 2298 2051 2394 (¹)
2093 2322 2255 2376 esse
2285 2302 2634 2376 virtutem
2673 2310 2812 2377 etc.
2851 2309 2925 2378 et

580 2423 681 2497 ita
715 2444 889 2497 cum
924 2425 1379 2520 argumentis
1415 2424 1604 2517 fidei,
1632 2427 1704 2496 la
1740 2426 1925 2496 volse
1958 2425 2035 2494 in
2068 2428 2262 2494 tanta
2289 2425 2474 2515 sitta,
2504 2423 2678 2515 quia
2713 2423 2927 2519 fuge-

587 2543 681 2616 rit
701 2535 775 2634 (²)
814 2565 859 2617 a
895 2544 1076 2618 facie
1112 2545 1471 2638 ecclesiae3
1508 2551 1768 2635 quanto
1800 2548 2147 2635 sofferson
2182 2545 2225 2615 l’
2246 2562 2410 2615 ossa
2441 2564 2658 2615 senza
2692 2546 2926 2636 polpe,

585 2663 755 2756 quia
810 2664 1211 2738 maceravit
1262 2666 1558 2759 vulpem
1619 2671 1694 2738 et
1753 2662 2086 2757 spoliavit
2148 2661 2513 2754 carnibus,
2567 2662 2665 2734 ita
2727 2662 2928 2756 quod

584 2784 935 2857 remansit
984 2785 1137 2858 sola
1188 2785 1391 2878 pellis
1443 2790 1745 2858 extensa
1794 2802 2018 2876 super
2071 2781 2384 2874 ossibus3
2439 2782 2555 2854 vel
2607 2783 2765 2855 vult
2816 2782 2927 2856 di-

583 2922 755 2977 cere
807 2903 1003 2996 quod
1056 2910 1574 2977 remanserunt
1622 2923 1786 2976 ossa
1837 2901 2222 2976 combusta
2274 2920 2521 2993 carne,
2575 2901 2747 2994 quia
2802 2922 2927 2976 ec-

583 3022 799 3096 clesia
838 3022 1194 3096 incinerat
1226 3022 1610 3097 haereticos
1645 3021 1943 3115 quando
1983 3020 2258 3094 invenit
2292 3040 2418 3093 eos
2453 3024 2927 3095 contumaces

583 3162 678 3215 ne
727 3141 1106 3216 effundant
1157 3163 1525 3216 venenum
1581 3143 1655 3215 in
1714 3142 1894 3216 alios
1957 3140 2317 3215 credulos.
2347 3143 2744 3214 —Poscia.
2798 3142 2929 3217 Hic

525 3293 532 3296 ·
582 3268 796 3356 poeta
852 3263 1083 3357 tangit
1132 3262 1350 3336 aliam
1402 3262 1992 3357 persecutionem
2029 3260 2291 3334 factam
2346 3260 2440 3333 ab
2490 3262 2737 3354 aquila
2790 3263 2931 3335 im-

584 3383 856 3477 periali,
893 3382 1021 3457 sed
1071 3382 1442 3456 contrario
1494 3381 1737 3469 modo,
1774 3381 1950 3475 quia
1991 3381 2228 3475 prima
2279 3380 2440 3455 vice
2490 3382 2931 3475 spoliaverat

586 3502 992 3595 ecclesiam,
1044 3522 1242 3575 nunc
1293 3521 1473 3575 vero
1538 3501 1827 3576 vestivit
1892 3521 2055 3574 eam
2127 3499 2403 3573 nudam
2466 3501 2559 3575 de
2608 3503 2926 3597 proprio.

587 3621 727 3694 Per
770 3623 908 3695 hoc
944 3621 1172 3716 tangit
1204 3621 1650 3696 dotationem
1685 3641 1909 3714 quam
1950 3621 2117 3694 fecit
2150 3620 2666 3696 Constantinus
2701 3645 2926 3717 quam

585 3747 802 3835 poeta
853 3740 1054 3834 ponit
1103 3761 1237 3835 pro
1292 3762 1560 3837 magna
1612 3741 2122 3837 persecutione
2173 3741 2521 3835 ecclesiae,
2577 3764 2744 3836 quae
2794 3765 2930 3839 ge-

586 3862 931 3937 neraliter
983 3861 1227 3935 infecit
1276 3863 1613 3955 praelatos
1647 3862 1952 3936 avaritia
1995 3881 2164 3954 quae
2205 3865 2314 3935 est
2365 3860 2926 3936 fundamentum

585 3982 914 4056 omnium
988 3981 1381 4054 malorum.
1457 3981 1642 4055 Dicit
1712 4002 1932 4077 ergo:
2012 3984 2264 4053 Poscia
2326 3983 2472 4054 vidi
2536 3983 2581 4052 l’
2612 3984 2927 4075 aqualia,

585 4122 807 4194 quam
861 4101 1373 4175 Constantinus
1424 4100 1945 4194 transportavit
2004 4101 2077 4174 in
2128 4100 2512 4193 Graeciam,
2565 4105 2649 4173 ut
2710 4101 2930 4175 cede-

586 4227 697 4294 ret
728 4210 803 4311 (3)
859 4220 1127 4313 pastori
1180 4220 1595 4313 apostolicO,
1647 4224 1936 4293 scender
1981 4242 2114 4312 per
2163 4223 2334 4313 indi,
2383 4220 2590 4314 idest,
2626 4240 2758 4315 per
2805 4241 2930 4295 ar-

584 4341 869 4433 borem,
904 4342 1067 4412 ond’
1092 4362 1220 4412 era
1244 4343 1417 4432 pria
1468 4347 1716 4412 venula
1747 4336 1867 4432 gii)
1900 4344 2060 4413 nell'
2078 4362 2281 4435 arca,
2322 4341 2531 4436 idest,
2567 4351 2927 4437 ventrem,

708 4525 761 4588 (¹)
795 4525 855 4574 E.
889 4526 1179 4577 naturalem
1213 4540 1324 4577 esse
1355 4529 1618 4580 virtutem.
1871 4526 1927 4592 (²)
1961 4529 2023 4580 B.
2056 4530 2177 4593 quin
2208 4528 2461 4592 fugerunt
2490 4542 2520 4579 ι
2553 4528 2703 4579 facte.

710 4602 765 4666 (‘)
799 4605 906 4662 11⁷,
939 4603 1196 4655 redderet.
