3734 5567
1117 524 1401 581 CANTus
1451 527 1834 581 viel-:smus
1885 527 2216 592 QmN‘rUS.
2697 513 2834 579 115

489 669 754 743 ardere
805 669 1081 743 rubore
1113 663 1213 764 (¹),
1250 671 1500 745 audito
1543 671 1771 745 verbo
1822 670 2088 744 Mariae.
2138 670 2274 744 Alii
2328 677 2576 746 tamen
2626 669 2837 744 aliter

491 795 868 884 exponunt
917 789 1129 863 istam
1167 790 1479 884 literam,
1518 796 1593 864 et
1632 789 1881 863 dicunt
1928 789 2123 884 quod
2176 790 2273 862 illi
2326 790 2620 884 spiritus
2659 809 2838 862 can-

494 910 743 984 tabant
791 910 976 984 alte:
1029 930 1173 982 non
1224 930 1568 1001 coquosco
1619 913 1874 1002 vinam,
1927 909 2132 1003 idest,
2182 909 2408 983 istum
2461 909 2834 983 hominem

494 1029 771 1123 vivum,
809 1028 1078 1103 scilicet
1113 1029 1423 1104 Dantem
1462 1029 1587 1123 qui
1634 1028 1900 1104 incedit
1950 1029 2263 1103 intactus
2312 1030 2408 1103 ab
2460 1030 2665 1125 igne3
2709 1028 2837 1103 sed

494 1149 697 1245 prior
746 1149 1098 1244 expositio
1160 1151 1406 1224 sanior
1459 1157 1589 1224 est.
1654 1151 1741 1223 Et
1798 1148 2008 1223 dicit:
2060 1152 2235 1240 indi,
2287 1148 2491 1243 idest,
2552 1148 2838 1242 deinde,

492 1273 1042 1344 ricominciavan
1101 1273 1144 1344 l’
1169 1273 1368 1364 imw,
1443 1271 1736 1364 scilicet,
1789 1290 2080 1343 summae
2156 1275 2343 1342 Deus
2418 1273 2838 1363 clementiae,-

493 1390 706 1482 bassi,
759 1389 938 1465 idest
1005 1392 1217 1466 bassa
1270 1411 1472 1484 voce,
1527 1391 1626 1465 ita
1687 1390 1886 1485 quod
1947 1389 2339 1463 cantabant
2389 1390 2630 1483 primo
2699 1391 2840 1486 hy-

496 1530 751 1583 mnum
781 1511 1013 1605 basse,
1040 1511 1300 1586 deinde
1335 1532 1764 1605 responsum
1785 1502 1858 1604 (²)
1891 1510 2134 1583 Mariae
2167 1509 2259 1583 ad
2294 1510 2640 1606 angelum
2668 1511 2835 1585 alte.

494 1633 933 1704 ——Ft'nitola
988 1631 1117 1706 Hic
1167 1635 1380 1726 poeta
1431 1631 1634 1725 ponit
1683 1629 1881 1704 aliud
1934 1629 2209 1702 dictum
2274 1629 2567 1702 illorum
2632 1628 2841 1723 spiri-

493 1756 706 1822 tuum
760 1750 833 1822 in
885 1749 1499 1845 vituperationem
1551 1749 1869 1823 luxuriae
1907 1769 2073 1843 quae
2109 1755 2401 1843 separat
2446 1747 2836 1823 mulierem

491 1890 536 1943 a
588 1871 955 1945 consortio
1004 1872 1318 1946 aliarum
1371 1871 1831 1967 pudicarum.
1867 1869 1974 1943 Ad
2015 1869 2583 1944 declarationem
2618 1869 2838 1942 huius

493 1987 721 2063 literae
774 1995 883 2063 est
930 1990 1361 2065 brevissime
1413 1989 1815 2083 sciendum,
1869 1989 2067 2084 quod
2128 1988 2316 2063 sicut
2372 1989 2619 2063 scribit
2667 1990 2840 2064 Ovi-

492 2108 655 2182 dius
704 2110 764 2183 ΙΙ
816 2109 1127 2205 MaioriS,
1189 2111 1471 2205 Jupiter
1535 2131 1666 2205 per
1729 2109 2068 2183 fraudem
2137 2115 2210 2182 et
2269 2108 2418 2181 vim
2481 2109 2842 2205 stupravit

493 2228 930 2304 Calistonem
985 2230 1343 2326 virginem
1397 2230 1490 2304 de
1527 2229 1832 2304 Arcadia
1884 2228 2169 2303 solitam
2222 2230 2333 2304 ire
2384 2229 2457 2302 in
2508 2230 2842 2303 venatio-

498 2371 667 2425 nem
696 2371 866 2424 cum
901 2351 1055 2425 aliis
1092 2351 1495 2447 virginibus
1529 2350 1817 2444 Dianae3
1856 2370 2049 2444 quae‚
2083 2350 2362 2445 perdita
2397 2349 2836 2445 virginitate,

497 2490 642 2544 non
690 2470 1011 2544 audebat
1055 2471 1644 2565 appropinquare
1711 2470 1983 2563 Dianae,
2046 2489 2194 2543 non
2244 2470 2495 2544 levare
2562 2470 2838 2563 oculoS‚

497 2608 645 2662 non
677 2590 898 2683 loqui.
935 2591 1121 2664 Cum
1157 2597 1411 2664 autem
1462 2590 1691 2665 semel
1741 2591 1896 2664 Dea
1929 2589 2116 2663 fessa
2158 2589 2545 2664 venatione
2579 2597 2654 2663 et
2694 2610 2840 2663 cae-

495 2714 675 2782 terae
734 2708 1050 2804 virgines
1115 2708 1187 2782 in
1250 2709 1460 2783 viridi
1525 2730 1833 2784 nemore
1903 2708 2197 2782 nudatae
2258 2709 2685 2783 lavarentur
2745 2708 2838 2782 ad

492 2828 763 2902 fontem
829 2828 920 2902 ad
989 2828 1574 2925 refrigerandum
1638 2829 1987 2921 calorem,
2050 2827 2315 2901 Calisto
2375 2827 2666 2922 cognita
2730 2832 2840 2900 est

494 2967 651 3022 esse
700 2954 1050 3043 corrupta
1101 2949 1176 3020 in
1230 2955 1445 3023 utero
1496 2948 1766 3021 inflato.
1820 2947 1926 3019 Ex
1990 2966 2143 3040 quo
2192 2946 2420 3019 Diana
2471 2945 2839 3041 indignata

492 3069 801 3165 turpiter
852 3068 1128 3164 expulit
1177 3068 1375 3142 illam
1413 3088 1507 3142 ne
1549 3068 1840 3141 vitiaret
1893 3088 2168 3161 purum
2220 3066 2522 3159 fontem,
2562 3072 2637 3139 et
2679 3087 2841 3140 ma-

495 3190 775 3262 cularet
827 3191 1140 3263 chorum
1195 3208 1580 3262 sacrarum
1620 3187 2033 3283 virginum:
2079 3207 2246 3280 quae
2289 3192 2538 3279 postea
2575 3184 2842 3259 dicitur

499 3314 779 3383 mutata
831 3309 905 3382 in
955 3328 1212 3382 ursam
1261 3308 1374 3381 ira
1425 3296 1856 3400 Junonis(³)‚
1896 3327 2064 3401 quae
2102 3327 2292 3380 uxor
2344 3305 2539 3380 Jovis
2591 3326 2845 3400 perse-

496 3428 865 3522 quebatur
926 3427 1257 3523 pellicem
1322 3425 1586 3500 mariti.
1655 3425 1797 3500 Sed
1858 3427 2159 3502 brevius
2221 3425 2604 3500 videamus
2669 3424 2842 3520 quid

499 3548 718 3622 lateat
768 3548 907 3621 sub
956 3547 1229 3621 cortice
1281 3545 1584 3619 fabulae:
1628 3546 1911 3640 Jupiter
1954 3545 2343 3641 figurative
2383 3552 2493 3619 est
2529 3566 2845 3641 magnus

497 3666 807 3760 adulter,
860 3666 1049 3741 sicut
1104 3666 1241 3739 fuit
1289 3665 1384 3739 de
1435 3665 1541 3738 rei
1594 3665 1930 3758 veritate,
1983 3665 2110 3758 qui
2161 3664 2234 3738 vi
2284 3670 2356 3739 et
2407 3665 2666 3739 fraude
2715 3665 2845 3739 de-

499 3786 709 3860 florat
759 3786 1142 3882 virginem,
1207 3791 1281 3860 et
1347 3786 1522 3859 fallit
1585 3785 1783 3858 illam
1844 3805 2111 3879 puram
2148 3771 2248 3877 (⁴),
2315 3783 2716 3879 simplicem
2771 3792 2846 3859 et

501 3904 858 4001 fragilem.
895 3905 1125 3980 Diana
1174 3924 1357 3979 vero
1409 3902 1584 3999 quae‘
1626 3903 1892 3978 dicitur
1926 3903 2063 3977 dea
2106 3903 2450 3978 castitatis
2495 3910 2606 3978 est
2647 3904 2843 3998 luna,

502 4044 668 4118 quae
704 4024 1078 4100 influentia
1112 4045 1245 4098 sua
1280 4024 1450 4099 facit
1485 4024 1826 4119 virgineS‚
1856 4022 2044 4097 sicut
2079 4024 2278 4097 clare
2305 4024 2579 4117 patebit
2602 4023 2692 4096 111
2718 4044 2844 4098 ca·

505 4144 730 4240 pitulo
780 4145 1139 4240 Paradisi3
1194 4165 1362 4239 quae
1414 4144 1712 4240 fingitur
1764 4165 1939 4218 cum
1991 4144 2142 4217 suis
2176 4143 2579 4239 virginibus
2624 4144 2735 4220 ire
2772 4144 2845 4219 in

618 4406 676 4468 (¹)
708 4406 770 4456 Ε.
803 4406 1019 4469 pudore,
1053 4407 1228 4458 audito
1260 4406 1421 4457 verbo
1454 4406 1758 4457 beatissimo
1790 4406 2020 4470 Virginis
2052 4408 2252 4461 Mario.

620 4482 678 4546 (¹)
708 4483 772 4532 E.
805 4496 1109 4546 responsum
1141 4484 1519 4547 pretiosissimo
1552 4483 1777 4548 Virginis
1809 4484 2011 4537 Mario.

620 4559 673 4623 (⁸)
709 4560 769 4610 E.
801 4560 1020 4611 Iunonis
1050 4562 1229 4612 uxoris
1257 4561 1416 4620 Iovis,
1450 4574 1567 4625 quo
1601 4562 2025 4625 persequebatur.

623 4641 678 4699 (·)
710 4636 771 4688 E.
807 4651 990 4700 puram
1024 4639 1277 4702 virginem
1309 4642 1365 4689 et
1395 4638 1652 4702 fragilem.
