<?xml version="1.0" encoding="UTF-8"?>
<!DOCTYPE html PUBLIC "-//W3C//DTD XHTML 1.0 Transitional//EN"
    "http://www.w3.org/TR/xhtml1/DTD/xhtml1-transitional.dtd">
<html xmlns="http://www.w3.org/1999/xhtml" xml:lang="en" lang="en">
 <head>
  <title>
</title>
<meta http-equiv="Content-Type" content="text/html;charset=utf-8" />
  <meta name='ocr-system' content='tesseract 3.04.00' />
  <meta name='ocr-capabilities' content='ocr_page ocr_carea ocr_par ocr_line ocrx_word'/>
</head>
<body>
  <div class='ocr_page' id='page_1' title='image "benevenutideram02lacagoog_0053.png"; bbox 0 0 3734 5567; ppageno 0'>
   <div class='ocr_carea' id='block_1_1' title="bbox 1126 487 2871 554">
    <p class='ocr_par' dir='ltr' id='par_1_1' title="bbox 1126 487 2871 554">
     <span class='ocr_line' id='line_1_1' title="bbox 1126 487 2871 554; baseline 0.002 -5"><span class='ocrx_word' id='word_1_1' title='bbox 1126 495 1405 551; x_wconf 69' lang='lat' dir='ltr'><strong>cmrus</strong></span> <span class='ocrx_word' id='word_1_2' title='bbox 1455 498 1840 552; x_wconf 70' lang='lat' dir='ltr'><strong>vlensmus</strong></span> <span class='ocrx_word' id='word_1_3' title='bbox 1891 497 2277 554; x_wconf 79' lang='lat' dir='ltr'><strong>SECUNDUS.</strong></span> <span class='ocrx_word' id='word_1_4' title='bbox 2779 487 2871 553; x_wconf 79' lang='lat'><strong>43</strong></span> 
     </span>
    </p>
   </div>
   <div class='ocr_carea' id='block_1_2' title="bbox 520 642 2942 4223">
    <p class='ocr_par' dir='ltr' id='par_1_2' title="bbox 520 642 2942 4223">
     <span class='ocr_line' id='line_1_2' title="bbox 526 642 2870 741; baseline 0.002 -24"><span class='ocrx_word' id='word_1_5' title='bbox 526 642 867 739; x_wconf 84' lang='lat' dir='ltr'><strong>castigari</strong></span> <span class='ocrx_word' id='word_1_6' title='bbox 903 642 1165 738; x_wconf 91' lang='lat' dir='ltr'><strong>inopia,</strong></span> <span class='ocrx_word' id='word_1_7' title='bbox 1199 648 1455 718; x_wconf 86' lang='lat' dir='ltr'><strong>contra</strong></span> <span class='ocrx_word' id='word_1_8' title='bbox 1489 643 2045 718; x_wconf 78' lang='lat' dir='ltr'>delectationem</span> <span class='ocrx_word' id='word_1_9' title='bbox 2083 645 2423 741; x_wconf 86' lang='lat' dir='ltr'><strong>primam.</strong></span> <span class='ocrx_word' id='word_1_10' title='bbox 2460 647 2665 721; x_wconf 90' lang='lat' dir='ltr'>Unde</span> <span class='ocrx_word' id='word_1_11' title='bbox 2699 654 2870 721; x_wconf 85' lang='lat' dir='ltr'><strong>nota</strong></span> 
     </span>
     <span class='ocr_line' id='line_1_3' title="bbox 529 762 2869 859; baseline 0.002 -24"><span class='ocrx_word' id='word_1_12' title='bbox 529 763 727 857; x_wconf 93' lang='lat' dir='ltr'><strong>quod</strong></span> <span class='ocrx_word' id='word_1_13' title='bbox 777 762 953 859; x_wconf 84' lang='lat' dir='ltr'><strong>gula</strong></span> <span class='ocrx_word' id='word_1_14' title='bbox 1002 783 1295 857; x_wconf 88' lang='lat' dir='ltr'><strong>semper</strong></span> <span class='ocrx_word' id='word_1_15' title='bbox 1335 763 1611 837; x_wconf 90' lang='lat' dir='ltr'><strong>solicita</strong></span> <span class='ocrx_word' id='word_1_16' title='bbox 1652 770 1763 838; x_wconf 93' lang='lat' dir='ltr'><strong>est</strong></span> <span class='ocrx_word' id='word_1_17' title='bbox 1802 764 1896 838; x_wconf 93' lang='lat' dir='ltr'><strong>ad</strong></span> <span class='ocrx_word' id='word_1_18' title='bbox 1948 765 2438 839; x_wconf 81' lang='lat' dir='ltr'><strong>suscitandam</strong></span> <span class='ocrx_word' id='word_1_19' title='bbox 2497 773 2869 840; x_wconf 88' lang='lat' dir='ltr'><strong>mortuam</strong></span> 
     </span>
     <span class='ocr_line' id='line_1_4' title="bbox 526 883 2868 981; baseline 0.001 -23"><span class='ocrx_word' id='word_1_20' title='bbox 526 883 799 958; x_wconf 79' lang='lat' dir='ltr'><strong>famem</strong></span> <span class='ocrx_word' id='word_1_21' title='bbox 850 890 926 959; x_wconf 93' lang='lat' dir='ltr'><strong>et</strong></span> <span class='ocrx_word' id='word_1_22' title='bbox 975 884 1368 958; x_wconf 80' lang='lat' dir='ltr'>extinctam</span> <span class='ocrx_word' id='word_1_23' title='bbox 1425 884 1641 978; x_wconf 89' lang='lat' dir='ltr'><strong>sitim,</strong></span> <span class='ocrx_word' id='word_1_24' title='bbox 1687 891 1768 958; x_wconf 94' lang='lat' dir='ltr'><strong>ut</strong></span> <span class='ocrx_word' id='word_1_25' title='bbox 1818 885 2144 980; x_wconf 88' lang='lat' dir='ltr'><strong>palatum</strong></span> <span class='ocrx_word' id='word_1_26' title='bbox 2198 887 2496 981; x_wconf 89' lang='lat' dir='ltr'><strong>molliat,</strong></span> <span class='ocrx_word' id='word_1_27' title='bbox 2535 896 2868 962; x_wconf 89' lang='lat' dir='ltr'><strong>ventrem</strong></span> 
     </span>
     <span class='ocr_line' id='line_1_5' title="bbox 526 1005 2869 1103; baseline 0.001 -24"><span class='ocrx_word' id='word_1_28' title='bbox 526 1005 795 1099; x_wconf 87' lang='lat' dir='ltr'><strong>dilatet,</strong></span> <span class='ocrx_word' id='word_1_29' title='bbox 846 1011 922 1079; x_wconf 88' lang='lat' dir='ltr'><strong>et</strong></span> <span class='ocrx_word' id='word_1_30' title='bbox 971 1005 1186 1079; x_wconf 84' lang='lat' dir='ltr'><strong>faciat</strong></span> <span class='ocrx_word' id='word_1_31' title='bbox 1246 1023 1516 1099; x_wconf 90' lang='lat' dir='ltr'><strong>corpus</strong></span> <span class='ocrx_word' id='word_1_32' title='bbox 1574 1005 1965 1100; x_wconf 87' lang='lat' dir='ltr'><strong>hospitium</strong></span> <span class='ocrx_word' id='word_1_33' title='bbox 2024 1006 2483 1101; x_wconf 83' lang='lat' dir='ltr'><strong>morborum,</strong></span> <span class='ocrx_word' id='word_1_34' title='bbox 2538 1013 2869 1103; x_wconf 90' lang='lat' dir='ltr'><strong>recepta-</strong></span> 
     </span>
     <span class='ocr_line' id='line_1_6' title="bbox 527 1124 2868 1222; baseline 0.001 -23"><span class='ocrx_word' id='word_1_35' title='bbox 527 1124 778 1199; x_wconf 85' lang='lat' dir='ltr'><strong>culum</strong></span> <span class='ocrx_word' id='word_1_36' title='bbox 831 1124 1181 1199; x_wconf 90' lang='lat' dir='ltr'><strong>sordium.</strong></span> <span class='ocrx_word' id='word_1_37' title='bbox 1235 1124 1323 1197; x_wconf 85' lang='lat' dir='ltr'><strong>Et</strong></span> <span class='ocrx_word' id='word_1_38' title='bbox 1371 1124 1473 1198; x_wconf 91' lang='lat' dir='ltr'><strong>sic</strong></span> <span class='ocrx_word' id='word_1_39' title='bbox 1523 1125 1698 1220; x_wconf 84' lang='lat' dir='ltr'><strong>gula</strong></span> <span class='ocrx_word' id='word_1_40' title='bbox 1734 1125 1903 1199; x_wconf 84' lang='lat' dir='ltr'><strong>facit</strong></span> <span class='ocrx_word' id='word_1_41' title='bbox 1954 1146 2042 1200; x_wconf 90' lang='lat' dir='ltr'><strong>ea</strong></span> <span class='ocrx_word' id='word_1_42' title='bbox 2093 1132 2462 1201; x_wconf 85' lang='lat' dir='ltr'><strong>tormenta</strong></span> <span class='ocrx_word' id='word_1_43' title='bbox 2515 1148 2683 1222; x_wconf 83' lang='lat' dir='ltr'><strong>quae</strong></span> <span class='ocrx_word' id='word_1_44' title='bbox 2735 1149 2868 1202; x_wconf 91' lang='lat' dir='ltr'><strong>na-</strong></span> 
     </span>
     <span class='ocr_line' id='line_1_7' title="bbox 529 1243 2870 1339; baseline 0.001 -21"><span class='ocrx_word' id='word_1_45' title='bbox 529 1250 695 1319; x_wconf 87' lang='lat' dir='ltr'><strong>tura</strong></span> <span class='ocrx_word' id='word_1_46' title='bbox 748 1243 1021 1318; x_wconf 80' lang='lat' dir='ltr'><strong>fecerat</strong></span> <span class='ocrx_word' id='word_1_47' title='bbox 1070 1244 1644 1338; x_wconf 83' lang='lat' dir='ltr'><strong>oblectamenta3</strong></span> <span class='ocrx_word' id='word_1_48' title='bbox 1698 1264 2108 1339; x_wconf 84' lang='lat' dir='ltr'><strong>numquam</strong></span> <span class='ocrx_word' id='word_1_49' title='bbox 2145 1246 2387 1320; x_wconf 92' lang='lat' dir='ltr'><strong>sobria</strong></span> <span class='ocrx_word' id='word_1_50' title='bbox 2436 1248 2683 1321; x_wconf 90' lang='lat' dir='ltr'><strong>omnia</strong></span> <span class='ocrx_word' id='word_1_51' title='bbox 2733 1248 2870 1322; x_wconf 91' lang='lat' dir='ltr'><strong>ab-</strong></span> 
     </span>
     <span class='ocr_line' id='line_1_8' title="bbox 528 1364 2867 1461; baseline 0.001 -23"><span class='ocrx_word' id='word_1_52' title='bbox 528 1365 795 1458; x_wconf 82' lang='lat' dir='ltr'><strong>sorbet,</strong></span> <span class='ocrx_word' id='word_1_53' title='bbox 846 1371 921 1439; x_wconf 87' lang='lat' dir='ltr'><strong>et</strong></span> <span class='ocrx_word' id='word_1_54' title='bbox 958 1364 1214 1460; x_wconf 88' lang='lat' dir='ltr'><strong>jeiuna</strong></span> <span class='ocrx_word' id='word_1_55' title='bbox 1265 1370 1338 1438; x_wconf 92' lang='lat' dir='ltr'><strong>et</strong></span> <span class='ocrx_word' id='word_1_56' title='bbox 1388 1364 1599 1460; x_wconf 90' lang='lat' dir='ltr'><strong>plena</strong></span> <span class='ocrx_word' id='word_1_57' title='bbox 1654 1384 1946 1459; x_wconf 86' lang='lat' dir='ltr'>semper</span> <span class='ocrx_word' id='word_1_58' title='bbox 1987 1364 2387 1459; x_wconf 93' lang='lat' dir='ltr'><strong>cruciatur,</strong></span> <span class='ocrx_word' id='word_1_59' title='bbox 2422 1387 2589 1461; x_wconf 86' lang='lat' dir='ltr'><strong>quae</strong></span> <span class='ocrx_word' id='word_1_60' title='bbox 2635 1368 2867 1441; x_wconf 89' lang='lat' dir='ltr'><strong>multa</strong></span> 
     </span>
     <span class='ocr_line' id='line_1_9' title="bbox 528 1485 2869 1582; baseline 0 -23"><span class='ocrx_word' id='word_1_61' title='bbox 528 1490 602 1559; x_wconf 90' lang='lat' dir='ltr'><strong>et</strong></span> <span class='ocrx_word' id='word_1_62' title='bbox 674 1505 940 1580; x_wconf 83' lang='lat' dir='ltr'><strong>magna</strong></span> <span class='ocrx_word' id='word_1_63' title='bbox 1016 1485 1091 1558; x_wconf 95' lang='lat' dir='ltr'><strong>in</strong></span> <span class='ocrx_word' id='word_1_64' title='bbox 1165 1506 1401 1558; x_wconf 90' lang='lat' dir='ltr'><strong>unum</strong></span> <span class='ocrx_word' id='word_1_65' title='bbox 1463 1490 1538 1559; x_wconf 93' lang='lat' dir='ltr'><strong>et</strong></span> <span class='ocrx_word' id='word_1_66' title='bbox 1610 1505 1925 1579; x_wconf 88' lang='lat' dir='ltr'><strong>parvum</strong></span> <span class='ocrx_word' id='word_1_67' title='bbox 1987 1491 2318 1560; x_wconf 87' lang='lat' dir='ltr'><strong>ventrem</strong></span> <span class='ocrx_word' id='word_1_68' title='bbox 2398 1487 2677 1562; x_wconf 81' lang='lat' dir='ltr'><strong>infulcit</strong></span> <span class='ocrx_word' id='word_1_69' title='bbox 2705 1512 2725 1582; x_wconf 83' lang='lat'>3</span> <span class='ocrx_word' id='word_1_70' title='bbox 2796 1494 2869 1563; x_wconf 91' lang='lat' dir='ltr'><strong>et</strong></span> 
     </span>
     <span class='ocr_line' id='line_1_10' title="bbox 526 1603 2866 1702; baseline 0.003 -25"><span class='ocrx_word' id='word_1_71' title='bbox 526 1603 719 1679; x_wconf 91' lang='lat' dir='ltr'><strong>dolet</strong></span> <span class='ocrx_word' id='word_1_72' title='bbox 769 1604 967 1698; x_wconf 93' lang='lat' dir='ltr'><strong>quod</strong></span> <span class='ocrx_word' id='word_1_73' title='bbox 1019 1624 1165 1678; x_wconf 90' lang='lat' dir='ltr'><strong>non</strong></span> <span class='ocrx_word' id='word_1_74' title='bbox 1229 1610 1465 1699; x_wconf 87' lang='lat' dir='ltr'><strong>potest</strong></span> <span class='ocrx_word' id='word_1_75' title='bbox 1529 1604 1774 1679; x_wconf 91' lang='lat' dir='ltr'><strong>omnia</strong></span> <span class='ocrx_word' id='word_1_76' title='bbox 1845 1625 1993 1679; x_wconf 92' lang='lat' dir='ltr'><strong>uno</strong></span> <span class='ocrx_word' id='word_1_77' title='bbox 2050 1605 2394 1680; x_wconf 83' lang='lat' dir='ltr'>claudere</span> <span class='ocrx_word' id='word_1_78' title='bbox 2446 1613 2703 1683; x_wconf 87' lang='lat' dir='ltr'><strong>ventre</strong></span> <span class='ocrx_word' id='word_1_79' title='bbox 2718 1632 2738 1702; x_wconf 83' lang='lat'>3</span> <span class='ocrx_word' id='word_1_80' title='bbox 2792 1616 2866 1683; x_wconf 92' lang='lat' dir='ltr'><strong>et</strong></span> 
     </span>
     <span class='ocr_line' id='line_1_11' title="bbox 525 1725 2863 1822; baseline 0.001 -22"><span class='ocrx_word' id='word_1_81' title='bbox 525 1725 743 1800; x_wconf 82' lang='lat' dir='ltr'><strong>vellet</strong></span> <span class='ocrx_word' id='word_1_82' title='bbox 818 1726 1092 1800; x_wconf 87' lang='lat' dir='ltr'><strong>habere</strong></span> <span class='ocrx_word' id='word_1_83' title='bbox 1168 1725 1536 1820; x_wconf 88' lang='lat' dir='ltr'><strong>reliquum</strong></span> <span class='ocrx_word' id='word_1_84' title='bbox 1607 1746 1877 1820; x_wconf 89' lang='lat' dir='ltr'><strong>corpus</strong></span> <span class='ocrx_word' id='word_1_85' title='bbox 1950 1745 2396 1822; x_wconf 67' lang='lat' dir='ltr'><strong>pygmaeum,</strong></span> <span class='ocrx_word' id='word_1_86' title='bbox 2460 1726 2863 1802; x_wconf 91' lang='lat' dir='ltr'><strong>dummodo</strong></span> 
     </span>
     <span class='ocr_line' id='line_1_12' title="bbox 525 1845 2863 1942; baseline -0 -20"><span class='ocrx_word' id='word_1_87' title='bbox 525 1848 984 1922; x_wconf 87' lang='lat' dir='ltr'><strong>stomachum</strong></span> <span class='ocrx_word' id='word_1_88' title='bbox 1035 1847 1340 1920; x_wconf 87' lang='lat' dir='ltr'><strong>baberet</strong></span> <span class='ocrx_word' id='word_1_89' title='bbox 1380 1845 1830 1942; x_wconf 79' lang='lat' dir='ltr'><strong>giganteum.</strong></span> <span class='ocrx_word' id='word_1_90' title='bbox 1878 1846 2076 1921; x_wconf 90' lang='lat' dir='ltr'><strong>Bene</strong></span> <span class='ocrx_word' id='word_1_91' title='bbox 2125 1867 2306 1942; x_wconf 86' lang='lat' dir='ltr'><strong>ergo</strong></span> <span class='ocrx_word' id='word_1_92' title='bbox 2357 1853 2640 1921; x_wconf 91' lang='lat' dir='ltr'><strong>constat</strong></span> <span class='ocrx_word' id='word_1_93' title='bbox 2689 1868 2863 1921; x_wconf 91' lang='lat' dir='ltr'><strong>cara</strong></span> 
     </span>
     <span class='ocr_line' id='line_1_13' title="bbox 524 1964 2867 2062; baseline 0.001 -23"><span class='ocrx_word' id='word_1_94' title='bbox 524 1966 699 2062; x_wconf 81' lang='lat' dir='ltr'><strong>gula</strong></span> <span class='ocrx_word' id='word_1_95' title='bbox 755 1965 881 2061; x_wconf 91' lang='lat' dir='ltr'><strong>ipsi</strong></span> <span class='ocrx_word' id='word_1_96' title='bbox 933 1965 1194 2061; x_wconf 84' lang='lat' dir='ltr'><strong>guloso</strong></span> <span class='ocrx_word' id='word_1_97' title='bbox 1247 1965 1373 2059; x_wconf 92' lang='lat' dir='ltr'><strong>qui</strong></span> <span class='ocrx_word' id='word_1_98' title='bbox 1426 1964 1606 2040; x_wconf 91' lang='lat' dir='ltr'><strong>emit</strong></span> <span class='ocrx_word' id='word_1_99' title='bbox 1663 1986 1831 2040; x_wconf 90' lang='lat' dir='ltr'><strong>eam</strong></span> <span class='ocrx_word' id='word_1_100' title='bbox 1895 1966 2127 2060; x_wconf 90' lang='lat' dir='ltr'><strong>pretio</strong></span> <span class='ocrx_word' id='word_1_101' title='bbox 2190 1966 2377 2041; x_wconf 82' lang='lat' dir='ltr'><strong>vitae.</strong></span> <span class='ocrx_word' id='word_1_102' title='bbox 2407 2006 2507 2019; x_wconf 92' lang='lat'>—</span> <span class='ocrx_word' id='word_1_103' title='bbox 2535 1970 2681 2040; x_wconf 85' lang='lat' dir='ltr'><strong>Poi.</strong></span> <span class='ocrx_word' id='word_1_104' title='bbox 2737 1967 2867 2042; x_wconf 90' lang='lat' dir='ltr'><strong>Hic</strong></span> 
     </span>
     <span class='ocr_line' id='line_1_14' title="bbox 527 2085 2864 2180; baseline 0 -21"><span class='ocrx_word' id='word_1_105' title='bbox 527 2092 740 2180; x_wconf 86' lang='lat' dir='ltr'><strong>poeta</strong></span> <span class='ocrx_word' id='word_1_106' title='bbox 792 2085 1130 2159; x_wconf 69' lang='lat' dir='ltr'><strong>describit</strong></span> <span class='ocrx_word' id='word_1_107' title='bbox 1162 2085 1382 2159; x_wconf 89' lang='lat' dir='ltr'><strong>aliam</strong></span> <span class='ocrx_word' id='word_1_108' title='bbox 1423 2105 1679 2159; x_wconf 91' lang='lat' dir='ltr'><strong>vocem</strong></span> <span class='ocrx_word' id='word_1_109' title='bbox 1715 2085 2356 2160; x_wconf 84' lang='lat' dir='ltr'>commendantem</span> <span class='ocrx_word' id='word_1_110' title='bbox 2393 2086 2864 2161; x_wconf 88' lang='lat' dir='ltr'><strong>sobrietatem</strong></span> 
     </span>
     <span class='ocr_line' id='line_1_15' title="bbox 525 2199 2866 2302; baseline 0.001 -24"><span class='ocrx_word' id='word_1_111' title='bbox 525 2205 597 2280; x_wconf 91' lang='lat' dir='ltr'><strong>in</strong></span> <span class='ocrx_word' id='word_1_112' title='bbox 649 2205 1202 2280; x_wconf 84' lang='lat' dir='ltr'><strong>detestationem</strong></span> <span class='ocrx_word' id='word_1_113' title='bbox 1238 2204 1679 2302; x_wconf 82' lang='lat' dir='ltr'><strong>gulositatis3</strong></span> <span class='ocrx_word' id='word_1_114' title='bbox 1716 2210 1789 2278; x_wconf 88' lang='lat' dir='ltr'><strong>et</strong></span> <span class='ocrx_word' id='word_1_115' title='bbox 1825 2205 2068 2300; x_wconf 92' lang='lat' dir='ltr'><strong>primo</strong></span> <span class='ocrx_word' id='word_1_116' title='bbox 2102 2205 2377 2299; x_wconf 89' lang='lat' dir='ltr'><strong>optimo</strong></span> <span class='ocrx_word' id='word_1_117' title='bbox 2420 2207 2759 2300; x_wconf 84' lang='lat' dir='ltr'><strong>exemplo</strong></span> <span class='ocrx_word' id='word_1_118' title='bbox 2792 2199 2866 2298; x_wconf 85' lang='lat'><strong>(¹)</strong></span> 
     </span>
     <span class='ocr_line' id='line_1_16' title="bbox 525 2324 2864 2421; baseline 0.001 -23"><span class='ocrx_word' id='word_1_119' title='bbox 525 2326 794 2418; x_wconf 74' lang='lat' dir='ltr'><strong>Mariae,</strong></span> <span class='ocrx_word' id='word_1_120' title='bbox 847 2343 1014 2419; x_wconf 85' lang='lat' dir='ltr'><strong>quae</strong></span> <span class='ocrx_word' id='word_1_121' title='bbox 1090 2325 1162 2398; x_wconf 91' lang='lat' dir='ltr'><strong>in</strong></span> <span class='ocrx_word' id='word_1_122' title='bbox 1239 2324 1507 2421; x_wconf 89' lang='lat' dir='ltr'><strong>nuptiis</strong></span> <span class='ocrx_word' id='word_1_123' title='bbox 1555 2324 1872 2398; x_wconf 84' lang='lat' dir='ltr'><strong>Galilaeae</strong></span> <span class='ocrx_word' id='word_1_124' title='bbox 1945 2325 2163 2399; x_wconf 80' lang='lat' dir='ltr'><strong>dixit:</strong></span> <span class='ocrx_word' id='word_1_125' title='bbox 2247 2329 2487 2399; x_wconf 83' lang='lat' dir='ltr'><strong>Vinum</strong></span> <span class='ocrx_word' id='word_1_126' title='bbox 2536 2347 2682 2399; x_wconf 75' lang='lat' dir='ltr'><strong>non</strong></span> <span class='ocrx_word' id='word_1_127' title='bbox 2730 2330 2864 2400; x_wconf 81' lang='grc' dir='ltr'><strong>Ιια-</strong></span> 
     </span>
     <span class='ocr_line' id='line_1_17' title="bbox 524 2445 2861 2542; baseline 0 -23"><span class='ocrx_word' id='word_1_128' title='bbox 524 2446 708 2537; x_wconf 80' lang='lat' dir='ltr'><strong>bem,</strong></span> <span class='ocrx_word' id='word_1_129' title='bbox 747 2466 894 2520; x_wconf 92' lang='lat' dir='ltr'><strong>non</strong></span> <span class='ocrx_word' id='word_1_130' title='bbox 929 2445 1210 2521; x_wconf 90' lang='lat' dir='ltr'><strong>ratione</strong></span> <span class='ocrx_word' id='word_1_131' title='bbox 1260 2446 1630 2521; x_wconf 87' lang='lat' dir='ltr'><strong>ebrietatis</strong></span> <span class='ocrx_word' id='word_1_132' title='bbox 1663 2446 1790 2520; x_wconf 91' lang='lat' dir='ltr'><strong>sed</strong></span> <span class='ocrx_word' id='word_1_133' title='bbox 1822 2446 2058 2542; x_wconf 81' lang='lat' dir='ltr'><strong>gratia</strong></span> <span class='ocrx_word' id='word_1_134' title='bbox 2098 2447 2395 2521; x_wconf 88' lang='lat' dir='ltr'><strong>honoris</strong></span> <span class='ocrx_word' id='word_1_135' title='bbox 2433 2448 2696 2542; x_wconf 91' lang='lat' dir='ltr'><strong>sponsi.</strong></span> <span class='ocrx_word' id='word_1_136' title='bbox 2734 2448 2861 2521; x_wconf 90' lang='lat' dir='ltr'><strong>Di-</strong></span> 
     </span>
     <span class='ocr_line' id='line_1_18' title="bbox 524 2562 2862 2662; baseline 0.001 -24"><span class='ocrx_word' id='word_1_137' title='bbox 524 2565 623 2638; x_wconf 93' lang='lat' dir='ltr'><strong>cit</strong></span> <span class='ocrx_word' id='word_1_138' title='bbox 670 2585 887 2662; x_wconf 85' lang='lat' dir='ltr'><strong>ergo:</strong></span> <span class='ocrx_word' id='word_1_139' title='bbox 933 2569 1058 2658; x_wconf 79' lang='lat' dir='ltr'><strong>poi</strong></span> <span class='ocrx_word' id='word_1_140' title='bbox 1105 2568 1328 2639; x_wconf 83' lang='lat' dir='ltr'><strong>disse.-</strong></span> <span class='ocrx_word' id='word_1_141' title='bbox 1377 2566 1669 2660; x_wconf 87' lang='lat' dir='ltr'><strong>scilicet,</strong></span> <span class='ocrx_word' id='word_1_142' title='bbox 1720 2565 1841 2639; x_wconf 92' lang='lat' dir='ltr'><strong>illa</strong></span> <span class='ocrx_word' id='word_1_143' title='bbox 1892 2585 2078 2639; x_wconf 81' lang='lat' dir='ltr'><strong>vox:</strong></span> <span class='ocrx_word' id='word_1_144' title='bbox 2110 2562 2233 2659; x_wconf 69' lang='lat' dir='ltr'><strong>piic</strong></span> <span class='ocrx_word' id='word_1_145' title='bbox 2255 2588 2580 2660; x_wconf 72' lang='lat' dir='ltr'><strong>pens-ava</strong></span> <span class='ocrx_word' id='word_1_146' title='bbox 2619 2571 2862 2642; x_wconf 84' lang='lat' dir='ltr'><strong>Maria</strong></span> 
     </span>
     <span class='ocr_line' id='line_1_19' title="bbox 524 2686 2860 2781; baseline 0.001 -22"><span class='ocrx_word' id='word_1_147' title='bbox 524 2689 730 2777; x_wconf 80' lang='lat' dir='ltr'><strong>onde,</strong></span> <span class='ocrx_word' id='word_1_148' title='bbox 782 2686 985 2780; x_wconf 77' lang='lat' dir='ltr'><strong>idest,</strong></span> <span class='ocrx_word' id='word_1_149' title='bbox 1022 2706 1115 2761; x_wconf 82' lang='lat' dir='ltr'><strong>ex</strong></span> <span class='ocrx_word' id='word_1_150' title='bbox 1167 2708 1313 2781; x_wconf 90' lang='lat' dir='ltr'><strong>qua</strong></span> <span class='ocrx_word' id='word_1_151' title='bbox 1367 2707 1471 2781; x_wconf 89' lang='lat' dir='ltr'><strong>re,</strong></span> <span class='ocrx_word' id='word_1_152' title='bbox 1500 2692 1732 2779; x_wconf 72' lang='lat' dir='ltr'><strong>fossor</strong></span> <span class='ocrx_word' id='word_1_153' title='bbox 1774 2690 1836 2760; x_wconf 85' lang='lat' dir='ltr'><strong>le</strong></span> <span class='ocrx_word' id='word_1_154' title='bbox 1869 2707 2093 2759; x_wconf 82' lang='lat' dir='ltr'><strong>nozze</strong></span> <span class='ocrx_word' id='word_1_155' title='bbox 2128 2691 2459 2778; x_wconf 85' lang='lat' dir='ltr'><strong>orrevoli‚</strong></span> <span class='ocrx_word' id='word_1_156' title='bbox 2494 2688 2701 2780; x_wconf 87' lang='lat' dir='ltr'><strong>idest,</strong></span> <span class='ocrx_word' id='word_1_157' title='bbox 2739 2709 2860 2762; x_wconf 92' lang='lat' dir='ltr'><strong>so-</strong></span> 
     </span>
     <span class='ocr_line' id='line_1_20' title="bbox 521 2806 2858 2901; baseline 0 -21"><span class='ocrx_word' id='word_1_158' title='bbox 521 2807 823 2901; x_wconf 79' lang='lat' dir='ltr'><strong>lemneS,</strong></span> <span class='ocrx_word' id='word_1_159' title='bbox 872 2815 940 2880; x_wconf 81' lang='lat' dir='ltr'><strong>ec</strong></span> <span class='ocrx_word' id='word_1_160' title='bbox 981 2810 1239 2901; x_wconf 78' lang='lat' dir='ltr'><strong>intere,·</strong></span> <span class='ocrx_word' id='word_1_161' title='bbox 1292 2806 1446 2882; x_wconf 91' lang='lat' dir='ltr'><strong>sine</strong></span> <span class='ocrx_word' id='word_1_162' title='bbox 1494 2806 1742 2901; x_wconf 90' lang='lat' dir='ltr'><strong>aliquo</strong></span> <span class='ocrx_word' id='word_1_163' title='bbox 1776 2807 2088 2901; x_wconf 84' lang='lat' dir='ltr'><strong>defectu,</strong></span> <span class='ocrx_word' id='word_1_164' title='bbox 2129 2814 2212 2881; x_wconf 96' lang='lat' dir='ltr'><strong>ut</strong></span> <span class='ocrx_word' id='word_1_165' title='bbox 2257 2808 2601 2882; x_wconf 87' lang='lat' dir='ltr'><strong>scribitur</strong></span> <span class='ocrx_word' id='word_1_166' title='bbox 2636 2810 2858 2883; x_wconf 87' lang='lat' dir='ltr'><strong>Joan-</strong></span> 
     </span>
     <span class='ocr_line' id='line_1_21' title="bbox 523 2927 2865 3022; baseline -0 -21"><span class='ocrx_word' id='word_1_167' title='bbox 523 2927 631 3001; x_wconf 90' lang='lat' dir='ltr'><strong>nis</strong></span> <span class='ocrx_word' id='word_1_168' title='bbox 670 2930 731 3001; x_wconf 93' lang='lat'><strong>11</strong></span> <span class='ocrx_word' id='word_1_169' title='bbox 772 2928 1111 3022; x_wconf 87' lang='lat' dir='ltr'><strong>capitulo,</strong></span> <span class='ocrx_word' id='word_1_170' title='bbox 1162 2930 1263 3001; x_wconf 77' lang='lat' dir='ltr'><strong>ch’</strong></span> <span class='ocrx_word' id='word_1_171' title='bbox 1292 2948 1341 3000; x_wconf 85' lang='lat' dir='ltr'><strong><em>a</em></strong></span> <span class='ocrx_word' id='word_1_172' title='bbox 1389 2930 1463 3000; x_wconf 85' lang='lat' dir='ltr'><strong>la</strong></span> <span class='ocrx_word' id='word_1_173' title='bbox 1509 2947 1643 2999; x_wconf 81' lang='lat' dir='ltr'><strong>sua</strong></span> <span class='ocrx_word' id='word_1_174' title='bbox 1692 2928 1930 3018; x_wconf 81' lang='lat' dir='ltr'><strong>bocca,</strong></span> <span class='ocrx_word' id='word_1_175' title='bbox 1978 2936 2060 3003; x_wconf 96' lang='lat' dir='ltr'><strong>ut</strong></span> <span class='ocrx_word' id='word_1_176' title='bbox 2110 2927 2395 3002; x_wconf 92' lang='lat' dir='ltr'><strong>biberet</strong></span> <span class='ocrx_word' id='word_1_177' title='bbox 2433 2927 2591 3021; x_wconf 91' lang='lat' dir='ltr'><strong>sibi,</strong></span> <span class='ocrx_word' id='word_1_178' title='bbox 2626 2931 2728 3002; x_wconf 77' lang='lat' dir='ltr'><strong>ch&#39;</strong></span> <span class='ocrx_word' id='word_1_179' title='bbox 2750 2950 2865 3018; x_wconf 88' lang='lat' dir='ltr'><strong>or,</strong></span> 
     </span>
     <span class='ocr_line' id='line_1_22' title="bbox 522 3047 2863 3143; baseline -0.001 -18"><span class='ocrx_word' id='word_1_180' title='bbox 522 3049 726 3143; x_wconf 62' lang='lat' dir='ltr'><strong>idest,</strong></span> <span class='ocrx_word' id='word_1_181' title='bbox 778 3067 947 3143; x_wconf 84' lang='lat' dir='ltr'><strong>quae</strong></span> <span class='ocrx_word' id='word_1_182' title='bbox 994 3048 1225 3123; x_wconf 92' lang='lat' dir='ltr'><strong>bucca</strong></span> <span class='ocrx_word' id='word_1_183' title='bbox 1278 3068 1473 3122; x_wconf 92' lang='lat' dir='ltr'><strong>nunc</strong></span> <span class='ocrx_word' id='word_1_184' title='bbox 1523 3052 1684 3122; x_wconf 89' lang='lat' dir='ltr'><strong>orat</strong></span> <span class='ocrx_word' id='word_1_185' title='bbox 1733 3047 1826 3121; x_wconf 91' lang='lat' dir='ltr'><strong>ad</strong></span> <span class='ocrx_word' id='word_1_186' title='bbox 1880 3047 2115 3121; x_wconf 90' lang='lat' dir='ltr'><strong>Deum</strong></span> <span class='ocrx_word' id='word_1_187' title='bbox 2179 3068 2317 3143; x_wconf 94' lang='lat' dir='ltr'><strong>pro</strong></span> <span class='ocrx_word' id='word_1_188' title='bbox 2376 3047 2604 3121; x_wconf 90' lang='lat' dir='ltr'><strong>nobis.</strong></span> <span class='ocrx_word' id='word_1_189' title='bbox 2662 3047 2863 3122; x_wconf 91' lang='lat' dir='ltr'><strong>Scie-</strong></span> 
     </span>
     <span class='ocr_line' id='line_1_23' title="bbox 521 3166 2866 3265; baseline -0.001 -22"><span class='ocrx_word' id='word_1_190' title='bbox 521 3169 650 3243; x_wconf 91' lang='lat' dir='ltr'><strong>bat</strong></span> <span class='ocrx_word' id='word_1_191' title='bbox 698 3168 893 3243; x_wconf 92' lang='lat' dir='ltr'><strong>enim</strong></span> <span class='ocrx_word' id='word_1_192' title='bbox 946 3167 1168 3241; x_wconf 88' lang='lat' dir='ltr'><strong>Maria</strong></span> <span class='ocrx_word' id='word_1_193' title='bbox 1219 3167 1508 3241; x_wconf 89' lang='lat' dir='ltr'><strong>inimica</strong></span> <span class='ocrx_word' id='word_1_194' title='bbox 1557 3168 1752 3265; x_wconf 82' lang='lat' dir='ltr'><strong>gulae</strong></span> <span class='ocrx_word' id='word_1_195' title='bbox 1801 3167 2024 3262; x_wconf 89' lang='lat' dir='ltr'><strong>quod,</strong></span> <span class='ocrx_word' id='word_1_196' title='bbox 2070 3166 2268 3261; x_wconf 93' lang='lat' dir='ltr'><strong>quod</strong></span> <span class='ocrx_word' id='word_1_197' title='bbox 2319 3167 2542 3241; x_wconf 93' lang='lat' dir='ltr'><strong>intrat</strong></span> <span class='ocrx_word' id='word_1_198' title='bbox 2589 3188 2723 3263; x_wconf 91' lang='lat' dir='ltr'><strong>per</strong></span> <span class='ocrx_word' id='word_1_199' title='bbox 2781 3187 2866 3240; x_wconf 92' lang='lat' dir='ltr'><strong>os</strong></span> 
     </span>
     <span class='ocr_line' id='line_1_24' title="bbox 522 3280 2861 3383; baseline -0.002 -19"><span class='ocrx_word' id='word_1_200' title='bbox 522 3312 667 3366; x_wconf 91' lang='lat' dir='ltr'><strong>non</strong></span> <span class='ocrx_word' id='word_1_201' title='bbox 718 3288 1048 3383; x_wconf 90' lang='lat' dir='ltr'><strong>inquinat</strong></span> <span class='ocrx_word' id='word_1_202' title='bbox 1079 3280 1150 3380; x_wconf 80' lang='lat'><strong>(¹)</strong></span> <span class='ocrx_word' id='word_1_203' title='bbox 1204 3288 1550 3382; x_wconf 91' lang='lat' dir='ltr'><strong>animam,</strong></span> <span class='ocrx_word' id='word_1_204' title='bbox 1603 3294 1678 3362; x_wconf 86' lang='lat' dir='ltr'><strong>et</strong></span> <span class='ocrx_word' id='word_1_205' title='bbox 1729 3289 1927 3383; x_wconf 92' lang='lat' dir='ltr'><strong>quod</strong></span> <span class='ocrx_word' id='word_1_206' title='bbox 1979 3290 2202 3362; x_wconf 90' lang='lat' dir='ltr'><strong>homo</strong></span> <span class='ocrx_word' id='word_1_207' title='bbox 2254 3294 2489 3383; x_wconf 89' lang='lat' dir='ltr'><strong>potest</strong></span> <span class='ocrx_word' id='word_1_208' title='bbox 2530 3287 2725 3362; x_wconf 86' lang='lat' dir='ltr'><strong>vesci</strong></span> <span class='ocrx_word' id='word_1_209' title='bbox 2759 3287 2861 3361; x_wconf 83' lang='lat' dir='ltr'><strong>ci—</strong></span> 
     </span>
     <span class='ocr_line' id='line_1_25' title="bbox 521 3407 2864 3506; baseline -0.002 -21"><span class='ocrx_word' id='word_1_210' title='bbox 521 3411 631 3485; x_wconf 92' lang='lat' dir='ltr'><strong>bis</strong></span> <span class='ocrx_word' id='word_1_211' title='bbox 698 3409 1082 3506; x_wconf 91' lang='lat' dir='ltr'><strong>splendidis</strong></span> <span class='ocrx_word' id='word_1_212' title='bbox 1140 3415 1214 3483; x_wconf 93' lang='lat' dir='ltr'><strong>et</strong></span> <span class='ocrx_word' id='word_1_213' title='bbox 1278 3409 1459 3483; x_wconf 87' lang='lat' dir='ltr'><strong>vinis</strong></span> <span class='ocrx_word' id='word_1_214' title='bbox 1517 3407 1782 3501; x_wconf 90' lang='lat' dir='ltr'><strong>sobrie,</strong></span> <span class='ocrx_word' id='word_1_215' title='bbox 1834 3414 1910 3482; x_wconf 87' lang='lat' dir='ltr'><strong>et</strong></span> <span class='ocrx_word' id='word_1_216' title='bbox 1976 3409 2406 3504; x_wconf 85' lang='lat' dir='ltr'><strong>vulgaribus</strong></span> <span class='ocrx_word' id='word_1_217' title='bbox 2468 3409 2730 3504; x_wconf 84' lang='lat' dir='ltr'><strong>gulose</strong></span> <span class='ocrx_word' id='word_1_218' title='bbox 2790 3414 2864 3480; x_wconf 91' lang='lat' dir='ltr'><strong>et</strong></span> 
     </span>
     <span class='ocr_line' id='line_1_26' title="bbox 520 3525 2863 3621; baseline -0.002 -17"><span class='ocrx_word' id='word_1_219' title='bbox 520 3530 744 3604; x_wconf 90' lang='lat' dir='ltr'><strong>ebrie.</strong></span> <span class='ocrx_word' id='word_1_220' title='bbox 780 3529 869 3601; x_wconf 91' lang='lat' dir='ltr'><strong>Et</strong></span> <span class='ocrx_word' id='word_1_221' title='bbox 902 3527 1018 3601; x_wconf 89' lang='lat' dir='ltr'><strong>hic</strong></span> <span class='ocrx_word' id='word_1_222' title='bbox 1070 3532 1265 3621; x_wconf 90' lang='lat' dir='ltr'><strong>nota,</strong></span> <span class='ocrx_word' id='word_1_223' title='bbox 1302 3525 1500 3619; x_wconf 93' lang='lat' dir='ltr'><strong>quod</strong></span> <span class='ocrx_word' id='word_1_224' title='bbox 1532 3525 1719 3599; x_wconf 93' lang='lat' dir='ltr'><strong>sicut</strong></span> <span class='ocrx_word' id='word_1_225' title='bbox 1752 3526 2000 3600; x_wconf 92' lang='lat' dir='ltr'><strong>scribit</strong></span> <span class='ocrx_word' id='word_1_226' title='bbox 2032 3526 2444 3601; x_wconf 88' lang='lat' dir='ltr'><strong>Macrobius</strong></span> <span class='ocrx_word' id='word_1_227' title='bbox 2476 3527 2568 3601; x_wconf 88' lang='lat' dir='ltr'><strong>de</strong></span> <span class='ocrx_word' id='word_1_228' title='bbox 2614 3532 2863 3601; x_wconf 90' lang='lat' dir='ltr'><strong>mente</strong></span> 
     </span>
     <span class='ocr_line' id='line_1_27' title="bbox 520 3638 2863 3743; baseline -0.002 -19"><span class='ocrx_word' id='word_1_229' title='bbox 520 3648 823 3724; x_wconf 89' lang='lat' dir='ltr'><strong>Gallieni</strong></span> <span class='ocrx_word' id='word_1_230' title='bbox 840 3638 940 3742; x_wconf 74' lang='lat'><strong>(³),</strong></span> <span class='ocrx_word' id='word_1_231' title='bbox 970 3653 1311 3722; x_wconf 88' lang='lat' dir='ltr'><strong>vacantes</strong></span> <span class='ocrx_word' id='word_1_232' title='bbox 1344 3646 1539 3743; x_wconf 86' lang='lat' dir='ltr'><strong>gulae</strong></span> <span class='ocrx_word' id='word_1_233' title='bbox 1571 3667 1714 3720; x_wconf 94' lang='lat' dir='ltr'><strong>non</strong></span> <span class='ocrx_word' id='word_1_234' title='bbox 1744 3651 2045 3740; x_wconf 91' lang='lat' dir='ltr'><strong>possunt</strong></span> <span class='ocrx_word' id='word_1_235' title='bbox 2077 3646 2200 3720; x_wconf 92' lang='lat' dir='ltr'><strong>diu</strong></span> <span class='ocrx_word' id='word_1_236' title='bbox 2246 3645 2497 3720; x_wconf 88' lang='lat' dir='ltr'><strong>vivere</strong></span> <span class='ocrx_word' id='word_1_237' title='bbox 2533 3666 2667 3720; x_wconf 91' lang='lat' dir='ltr'><strong>nec</strong></span> <span class='ocrx_word' id='word_1_238' title='bbox 2704 3666 2863 3719; x_wconf 91' lang='lat' dir='ltr'><strong>esse</strong></span> 
     </span>
     <span class='ocr_line' id='line_1_28' title="bbox 523 3754 2859 3863; baseline -0 -20"><span class='ocrx_word' id='word_1_239' title='bbox 523 3769 703 3863; x_wconf 88' lang='lat' dir='ltr'><strong>sani,</strong></span> <span class='ocrx_word' id='word_1_240' title='bbox 732 3789 868 3843; x_wconf 92' lang='lat' dir='ltr'><strong>nec</strong></span> <span class='ocrx_word' id='word_1_241' title='bbox 903 3767 1297 3862; x_wconf 93' lang='lat' dir='ltr'><strong>quicquam</strong></span> <span class='ocrx_word' id='word_1_242' title='bbox 1334 3767 1631 3842; x_wconf 86' lang='lat' dir='ltr'><strong>coeleste</strong></span> <span class='ocrx_word' id='word_1_243' title='bbox 1666 3767 1992 3863; x_wconf 83' lang='lat' dir='ltr'><strong>cogitare</strong></span> <span class='ocrx_word' id='word_1_244' title='bbox 2021 3766 2289 3841; x_wconf 89' lang='lat' dir='ltr'><strong>nedum</strong></span> <span class='ocrx_word' id='word_1_245' title='bbox 2319 3766 2746 3842; x_wconf 87' lang='lat' dir='ltr'><strong>honorabile</strong></span> <span class='ocrx_word' id='word_1_246' title='bbox 2760 3754 2859 3859; x_wconf 74' lang='lat'><strong>(⁴),</strong></span> 
     </span>
     <span class='ocr_line' id='line_1_29' title="bbox 523 3885 2858 3980; baseline -0.002 -16"><span class='ocrx_word' id='word_1_247' title='bbox 523 3888 710 3964; x_wconf 86' lang='lat' dir='ltr'><strong>sicut</strong></span> <span class='ocrx_word' id='word_1_248' title='bbox 760 3887 981 3961; x_wconf 90' lang='lat' dir='ltr'><strong>modo</strong></span> <span class='ocrx_word' id='word_1_249' title='bbox 1030 3886 1272 3961; x_wconf 87' lang='lat' dir='ltr'><strong>Maria.</strong></span> <span class='ocrx_word' id='word_1_250' title='bbox 1302 3926 1401 3939; x_wconf 93' lang='lat'><strong>—</strong></span> <span class='ocrx_word' id='word_1_251' title='bbox 1434 3891 1491 3958; x_wconf 87' lang='lat' dir='ltr'><strong><em>E</em></strong></span> <span class='ocrx_word' id='word_1_252' title='bbox 1536 3889 1598 3959; x_wconf 79' lang='lat' dir='ltr'><strong>le</strong></span> <span class='ocrx_word' id='word_1_253' title='bbox 1643 3907 1961 3959; x_wconf 83' lang='lat' dir='ltr'><strong>romane.</strong></span> <span class='ocrx_word' id='word_1_254' title='bbox 2014 3885 2143 3960; x_wconf 91' lang='lat' dir='ltr'><strong>Hic</strong></span> <span class='ocrx_word' id='word_1_255' title='bbox 2192 3893 2429 3980; x_wconf 89' lang='lat' dir='ltr'><strong>poeta,</strong></span> <span class='ocrx_word' id='word_1_256' title='bbox 2485 3892 2675 3962; x_wconf 85' lang='lat' dir='ltr'><strong>tacta</strong></span> <span class='ocrx_word' id='word_1_257' title='bbox 2736 3906 2858 3960; x_wconf 92' lang='lat' dir='ltr'><strong>so-</strong></span> 
     </span>
     <span class='ocr_line' id='line_1_30' title="bbox 521 4005 2942 4102; baseline -0.002 -19"><span class='ocrx_word' id='word_1_258' title='bbox 521 4009 833 4084; x_wconf 83' lang='lat' dir='ltr'><strong>brietate</strong></span> <span class='ocrx_word' id='word_1_259' title='bbox 879 4007 1147 4100; x_wconf 82' lang='lat' dir='ltr'><strong>Mariae,</strong></span> <span class='ocrx_word' id='word_1_260' title='bbox 1200 4027 1368 4101; x_wconf 82' lang='lat' dir='ltr'><strong>quae</strong></span> <span class='ocrx_word' id='word_1_261' title='bbox 1420 4006 1553 4079; x_wconf 85' lang='lat' dir='ltr'><strong>fuit</strong></span> <span class='ocrx_word' id='word_1_262' title='bbox 1604 4006 2124 4102; x_wconf 68' lang='lat' dir='ltr'><strong>perfectissima</strong></span> <span class='ocrx_word' id='word_1_263' title='bbox 2181 4005 2604 4097; x_wconf 91' lang='lat' dir='ltr'><strong>mulierum,</strong></span> <span class='ocrx_word' id='word_1_264' title='bbox 2660 4023 2858 4079; x_wconf 89' lang='lat' dir='ltr'><strong>nunc</strong></span> <span class='ocrx_word' id='word_1_265' title='bbox 2937 4081 2942 4084; x_wconf 79' lang='grc'><strong>,</strong></span> 
     </span>
     <span class='ocr_line' id='line_1_31' title="bbox 521 4124 2861 4223; baseline -0.003 -18"><span class='ocrx_word' id='word_1_266' title='bbox 521 4129 813 4205; x_wconf 85' lang='lat' dir='ltr'><strong>adducit</strong></span> <span class='ocrx_word' id='word_1_267' title='bbox 864 4129 1286 4223; x_wconf 85' lang='lat' dir='ltr'><strong>exemplum</strong></span> <span class='ocrx_word' id='word_1_268' title='bbox 1340 4126 1561 4200; x_wconf 91' lang='lat' dir='ltr'><strong>unius</strong></span> <span class='ocrx_word' id='word_1_269' title='bbox 1621 4127 1914 4222; x_wconf 84' lang='lat' dir='ltr'><strong>generis</strong></span> <span class='ocrx_word' id='word_1_270' title='bbox 1971 4125 2371 4200; x_wconf 91' lang='lat' dir='ltr'><strong>mulierum</strong></span> <span class='ocrx_word' id='word_1_271' title='bbox 2424 4124 2735 4220; x_wconf 90' lang='lat' dir='ltr'><strong>clarum,</strong></span> <span class='ocrx_word' id='word_1_272' title='bbox 2787 4133 2861 4200; x_wconf 89' lang='lat' dir='ltr'><strong>et</strong></span> 
     </span>
    </p>
   </div>
   <div class='ocr_carea' id='block_1_3' title="bbox 524 4266 732 4277">
    <p class='ocr_par' dir='ltr' id='par_1_3' title="bbox 524 4266 732 4277">
     <span class='ocr_line' id='line_1_32' title="bbox 524 4266 732 4277; baseline 0 0"><span class='ocrx_word' id='word_1_273' title='bbox 524 4266 732 4277; x_wconf 95' lang='lat' dir='ltr'><strong> </strong></span> 
     </span>
    </p>
   </div>
   <div class='ocr_carea' id='block_1_4' title="bbox 519 4312 2900 4610">
    <p class='ocr_par' dir='ltr' id='par_1_4' title="bbox 648 4312 1970 4378">
     <span class='ocr_line' id='line_1_33' title="bbox 648 4312 1970 4378; baseline -0.002 -13"><span class='ocrx_word' id='word_1_274' title='bbox 648 4316 702 4378; x_wconf 88' lang='lat'><strong>(¹)</strong></span> <span class='ocrx_word' id='word_1_275' title='bbox 734 4314 796 4365; x_wconf 85' lang='lat' dir='ltr'><strong>B.</strong></span> <span class='ocrx_word' id='word_1_276' title='bbox 828 4315 1068 4378; x_wconf 80' lang='lat' dir='ltr'><strong>exemplo</strong></span> <span class='ocrx_word' id='word_1_277' title='bbox 1099 4314 1479 4378; x_wconf 60' lang='lat' dir='ltr'><strong>gloriomimae</strong></span> <span class='ocrx_word' id='word_1_278' title='bbox 1514 4312 1739 4376; x_wconf 74' lang='lat' dir='ltr'><strong>Virginis</strong></span> <span class='ocrx_word' id='word_1_279' title='bbox 1772 4313 1970 4363; x_wconf 65' lang='lat' dir='ltr'><strong>Mario.</strong></span> 
     </span>
    </p>

    <p class='ocr_par' dir='ltr' id='par_1_5' title="bbox 648 4388 1907 4455">
     <span class='ocr_line' id='line_1_34' title="bbox 648 4388 1907 4455; baseline -0.002 -13"><span class='ocrx_word' id='word_1_280' title='bbox 648 4388 706 4454; x_wconf 77' lang='lat'><strong>(¹)</strong></span> <span class='ocrx_word' id='word_1_281' title='bbox 738 4392 797 4442; x_wconf 77' lang='lat' dir='ltr'><strong>E.</strong></span> <span class='ocrx_word' id='word_1_282' title='bbox 829 4392 1141 4455; x_wconf 72' lang='lat' dir='ltr'><strong>coinquinat.</strong></span> <span class='ocrx_word' id='word_1_283' title='bbox 1514 4389 1569 4452; x_wconf 85' lang='lat'><strong>(⁸)</strong></span> <span class='ocrx_word' id='word_1_284' title='bbox 1602 4389 1664 4438; x_wconf 85' lang='lat' dir='ltr'><strong>E.</strong></span> <span class='ocrx_word' id='word_1_285' title='bbox 1696 4389 1907 4439; x_wconf 75' lang='lat' dir='ltr'><strong>Galieni.</strong></span> 
     </span>
    </p>

    <p class='ocr_par' dir='ltr' id='par_1_6' title="bbox 519 4463 2900 4610">
     <span class='ocr_line' id='line_1_35' title="bbox 644 4463 2900 4532; baseline -0.001 -15"><span class='ocrx_word' id='word_1_286' title='bbox 644 4467 700 4532; x_wconf 75' lang='lat'><strong>(⁸)</strong></span> <span class='ocrx_word' id='word_1_287' title='bbox 731 4466 793 4517; x_wconf 85' lang='lat' dir='ltr'><strong>B.</strong></span> <span class='ocrx_word' id='word_1_288' title='bbox 827 4467 1145 4527; x_wconf 69' lang='lat' dir='ltr'><strong>honorabile,</strong></span> <span class='ocrx_word' id='word_1_289' title='bbox 1181 4466 1328 4517; x_wconf 75' lang='lat' dir='ltr'><strong>culm</strong></span> <span class='ocrx_word' id='word_1_290' title='bbox 1359 4466 1680 4517; x_wconf 76' lang='lat' dir='ltr'><strong>contrarium</strong></span> <span class='ocrx_word' id='word_1_291' title='bbox 1714 4464 1930 4515; x_wconf 74' lang='lat' dir='ltr'><strong>faciebat</strong></span> <span class='ocrx_word' id='word_1_292' title='bbox 1962 4471 2089 4516; x_wconf 83' lang='lat' dir='ltr'><strong>tuno</strong></span> <span class='ocrx_word' id='word_1_293' title='bbox 2119 4465 2446 4516; x_wconf 69' lang='lat' dir='ltr'><strong>&amp;notissima</strong></span> <span class='ocrx_word' id='word_1_294' title='bbox 2478 4463 2640 4528; x_wconf 75' lang='lat' dir='ltr'><strong>Virgo</strong></span> <span class='ocrx_word' id='word_1_295' title='bbox 2679 4464 2900 4524; x_wconf 57' lang='lat' dir='ltr'><strong>Marias·</strong></span> 
     </span>
     <span class='ocr_line' id='line_1_36' title="bbox 519 4542 2866 4610; baseline -0.001 -15"><span class='ocrx_word' id='word_1_296' title='bbox 519 4545 726 4610; x_wconf 76' lang='lat' dir='ltr'><strong>quando</strong></span> <span class='ocrx_word' id='word_1_297' title='bbox 756 4544 883 4594; x_wconf 76' lang='lat' dir='ltr'><strong>dixit</strong></span> <span class='ocrx_word' id='word_1_298' title='bbox 915 4544 968 4593; x_wconf 86' lang='lat' dir='ltr'><strong>iu</strong></span> <span class='ocrx_word' id='word_1_299' title='bbox 1001 4545 1234 4596; x_wconf 81' lang='lat' dir='ltr'><strong>convivio</strong></span> <span class='ocrx_word' id='word_1_300' title='bbox 1266 4544 1422 4595; x_wconf 75' lang='lat' dir='ltr'><strong>verba</strong></span> <span class='ocrx_word' id='word_1_301' title='bbox 1454 4543 1641 4594; x_wconf 57' lang='lat' dir='ltr'><strong>illm—</strong></span> <span class='ocrx_word' id='word_1_302' title='bbox 1661 4543 1714 4592; x_wconf 81' lang='grc' dir='ltr'><em>Ε</em></span> <span class='ocrx_word' id='word_1_303' title='bbox 1743 4542 1787 4592; x_wconf 75' lang='lat' dir='ltr'><strong>lo</strong></span> <span class='ocrx_word' id='word_1_304' title='bbox 1815 4556 2041 4593; x_wconf 76' lang='lat' dir='ltr'><strong>romam.</strong></span> <span class='ocrx_word' id='word_1_305' title='bbox 2072 4543 2173 4595; x_wconf 83' lang='lat' dir='ltr'><strong>Hic</strong></span> <span class='ocrx_word' id='word_1_306' title='bbox 2212 4548 2379 4607; x_wconf 71' lang='lat' dir='ltr'><strong>poeta,</strong></span> <span class='ocrx_word' id='word_1_307' title='bbox 2413 4546 2550 4593; x_wconf 72' lang='lat' dir='ltr'><strong>tacta</strong></span> <span class='ocrx_word' id='word_1_308' title='bbox 2589 4542 2866 4593; x_wconf 70' lang='lat' dir='ltr'><strong>sobrietate</strong></span> 
     </span>
    </p>
   </div>
   <div class='ocr_carea' id='block_1_5' title="bbox 519 4619 1686 4688">
    <p class='ocr_par' dir='ltr' id='par_1_7' title="bbox 519 4619 1686 4688">
     <span class='ocr_line' id='line_1_37' title="bbox 519 4619 1686 4688; baseline -0.003 -15"><span class='ocrx_word' id='word_1_309' title='bbox 519 4621 900 4688; x_wconf 65' lang='lat' dir='ltr'><strong>gloriosissimo</strong></span> <span class='ocrx_word' id='word_1_310' title='bbox 931 4621 1157 4685; x_wconf 75' lang='lat' dir='ltr'><strong>Virginis</strong></span> <span class='ocrx_word' id='word_1_311' title='bbox 1190 4621 1384 4683; x_wconf 66' lang='lat' dir='ltr'><strong>Maria,</strong></span> <span class='ocrx_word' id='word_1_312' title='bbox 1418 4634 1535 4685; x_wconf 69' lang='lat' dir='ltr'><strong>quo</strong></span> <span class='ocrx_word' id='word_1_313' title='bbox 1567 4619 1686 4670; x_wconf 80' lang='lat' dir='ltr'><strong>suit.</strong></span> 
     </span>
    </p>
   </div>
   <div class='ocr_carea' id='block_1_6' title="bbox 3724 493 3734 1947">
    <p class='ocr_par' dir='ltr' id='par_1_8' title="bbox 3724 493 3734 1947">
     <span class='ocr_line' id='line_1_38' title="bbox 3724 493 3734 1947; baseline 0 0"><span class='ocrx_word' id='word_1_314' title='bbox 3724 493 3734 1947; x_wconf 95' lang='lat' dir='ltr'><strong> </strong></span> 
     </span>
    </p>
   </div>
   <div class='ocr_carea' id='block_1_7' title="bbox 3725 2731 3730 3275">
    <p class='ocr_par' dir='ltr' id='par_1_9' title="bbox 3725 2731 3730 3275">
     <span class='ocr_line' id='line_1_39' title="bbox 3725 2731 3730 3275; baseline 0 0"><span class='ocrx_word' id='word_1_315' title='bbox 3725 2731 3730 3275; x_wconf 95' lang='lat' dir='ltr'><strong> </strong></span> 
     </span>
    </p>
   </div>
  </div>
 </body>
</html>
