3734 5567
946 484 1088 550 462
1725 491 2132 546 coMENTUM
2183 489 2515 543 mrumst

944 639 1239 714 nomine
1291 641 1640 731 corrupto
1690 657 1838 711 non
1890 637 2227 732 integr03
2280 654 2455 707 nam
2505 631 2795 706 Beatrix
2867 650 3042 704 cum
3101 639 3299 705 esset

943 760 1294 835 infantula
1350 757 1754 833 vocabatur
1806 757 2210 855 vulgariter
2270 758 2434 828 Bice
2482 753 2845 829 vocabulo
2896 757 3300 847 syncopato

942 880 1347 955 secundum
1400 877 2010 953 consuetudinem
2061 877 2339 973 patriae,
2392 875 2582 950 sicut
2631 874 2978 948 Bononiae
3028 872 3301 947 dicitur

943 1021 1137 1096 saepe
1194 1004 1446 1074 Colaus
1495 1019 1629 1093 pro
1679 999 1999 1073 Nicolao.
2036 998 2208 1074 Ideo
2248 996 2457 1072 dicit:
2490 1017 2634 1089 pur
2658 1016 2791 1088 per
2825 995 2892 1088 b,
2934 1015 2972 1066 e
3002 1015 3137 1086 per
3167 996 3299 1084 iae,

946 1121 1157 1217 quasi
1206 1120 1420 1214 dicat,
1482 1119 1707 1193 habui
1757 1119 1833 1192 in
1889 1139 2155 1217 magna
2210 1117 2646 1211 reverentia,
2680 1135 2850 1210 quae
2899 1120 3010 1189 est
3061 1116 3305 1188 honor

948 1263 1118 1316 cum
1177 1241 1462 1335 timore,
1500 1240 1712 1314 istam
1763 1239 2138 1314 dominam
2179 1259 2225 1312 a
2260 1237 2574 1334 pueritia
2624 1236 2701 1311 in
2751 1242 2974 1329 terra,
3020 1242 3303 1329 quanto

948 1362 1207 1437 fortius
1256 1362 1485 1456 ipsam
1540 1360 1942 1456 perfectam
2010 1360 2086 1432 in
2151 1360 2360 1451 coelo,
2413 1361 2512 1431 mi
2557 1359 2952 1446 riclubzava,
3002 1355 3305 1448 scilicet,

947 1481 1041 1557 ad
1108 1502 1210 1576 se,
1273 1501 1463 1553 come
1529 1482 1573 1553 Γ
1586 1500 1749 1553 uom
1811 1482 1916 1552 ch’
1942 1499 2280 1570 assonna,
2343 1478 2517 1571 quia
2582 1476 2849 1551 fiebam
2914 1467 3160 1549 lentus
3226 1482 3310 1549 et

949 1601 1159 1695 quasi
1209 1600 1711 1674 somnolentus
1762 1620 1856 1674 ex
1918 1598 2320 1691 timiditate,
2383 1617 2518 1672 nec
2576 1597 2944 1671 audebam
3010 1596 3310 1670 solvere

952 1721 1274 1819 linguam
1330 1740 1426 1793 ne
1478 1719 1939 1792 incurrerem
1996 1718 2509 1792 temeritatem.
2540 1757 2639 1771 —
2662 1722 2872 1789 Poco.
2915 1715 3044 1789 Hic
3078 1723 3310 1789 autor

950 1840 1258 1915 ostendit
1310 1838 1684 1934 quomodo
1735 1839 2030 1912 Beatrix
2083 1837 2557 1932 explicaverit
2589 1836 3070 1932 quaestionem
3112 1835 3306 1929 eius,

951 1960 1233 2036 dicens:
1310 1964 1645 2051 Beatrice,
1712 1980 1882 2053 quae
1952 1979 2098 2033 non
2167 1964 2329 2033 erat
2398 1958 2711 2053 amplius
2761 1960 2947 2051 Bice,
3003 1961 3302 2049 sofferse

943 2102 1124 2173 poco
1174 2101 1282 2152 me
1330 2082 1539 2170 cotal,
1591 2078 1795 2173 idest,
1832 2060 1998 2153 ⁸non
2049 2078 2376 2172 permisit
2426 2077 2741 2172 amplius
2793 2098 2915 2151 me
2966 2077 3304 2171 torqueri

951 2201 1069 2275 siti
1118 2221 1287 2274 mea
1339 2201 1526 2274 sicut
1576 2201 1748 2274 olim
1803 2200 1877 2273 in
1930 2206 2129 2275 terra
2181 2221 2305 2275 me
2364 2201 2488 2276 diu
2549 2200 2758 2274 torsit
2816 2220 3075 2274 amore
3132 2220 3303 2293 suo,

952 2343 990 2392 e
1038 2312 1400 2412 comincio,
1453 2321 1709 2415 supple
1760 2321 1984 2414 loqui,
2037 2324 2540 2413 raqyiandomi
2600 2324 2669 2395 α’
2693 2342 2792 2394 un
2849 2324 3025 2413 riso,
3091 2317 3304 2413 idest,

954 2438 1220 2535 laetitia,
1279 2446 1359 2514 ut
1410 2440 1620 2516 daret
1655 2441 1831 2514 mihi
1865 2463 2095 2537 spem,
2133 2446 2256 2534 tal,
2289 2444 2409 2515 che
2441 2446 2558 2515 nel
2586 2447 2796 2536 suoco
2824 2444 3026 2535 faria
3076 2444 3120 2515 Γ
3139 2463 3306 2514 uom

948 2562 1167 2654 felice,
1225 2563 1566 2656 quamvis
1614 2563 1800 2659 ignis
1851 2564 1943 2637 sit
1994 2566 2314 2638 multum
2367 2565 2711 2659 poenalis;
2765 2564 2891 2640 sed
2940 2565 3002 2637 si
3052 2566 3300 2639 anima

952 2680 1181 2774 posita
1233 2681 1305 2754 in
1367 2682 1535 2778 igne
1598 2682 1930 2757 infernali
1982 2683 2267 2758 videret
2332 2685 2570 2758 Deum
2639 2690 2830 2759 esset
2895 2685 3113 2759 beata
3162 2685 3304 2759 du-

955 2807 1163 2876 rante
1214 2802 1490 2877 visione
1543 2801 1687 2876 tali.
1741 2804 1829 2876 Et
1880 2823 2054 2878 ecce
2104 2803 2279 2898 quid
2328 2803 2546 2877 dixit:
2600 2824 2792 2876 come
2851 2806 3082 2894 qius-ta
3133 2826 3303 2877 ven-

951 2922 1161 3014 detta,
1213 2922 1400 2997 sacta
1450 2943 1584 3018 per
1635 2930 1955 2998 mortem
2009 2923 2270 2998 Christi
2304 2923 2397 2998 de
2436 2929 2737 3019 peccato
2777 2924 2992 3019 primi
3036 2944 3304 3019 paren-

953 3043 1064 3136 tis,
1112 3046 1359 3133 punita
1404 3047 1593 3136 fosse
1641 3046 2119 3136 mustanaente,
2159 3044 2428 3119 scilicet
2461 3065 2594 3139 per
2627 3044 2894 3138 Titum,
2931 3048 2978 3118 ι’
2994 3048 3087 3119 ha
3127 3050 3304 3119 miso

952 3165 1027 3232 in
1065 3165 1374 3255 pensier,
1432 3162 1637 3257 idest,
1692 3165 1932 3258 posuit
1984 3172 2057 3240 te
2106 3165 2182 3238 in
2233 3186 2517 3260 curam,
2580 3165 2788 3259 quasi
2853 3166 3082 3242 dicat:
3138 3167 3304 3242 fecit

956 3287 1029 3355 te
1077 3280 1449 3378 dubitare3
1504 3290 1578 3357 et
1628 3284 1837 3358 dicit:
1875 3288 2174 3359 secondo
2209 3290 2348 3359 mio
2389 3286 2747 3381 infallibile
2790 3292 3061 3379 avvim,
3095 3287 3299 3381 idest,

955 3401 1362 3475 secundum
1407 3402 1768 3498 Judicium
1821 3425 2077 3479 meum
2138 3406 2334 3499 quod
2396 3406 2542 3481 salli
2609 3429 2758 3482 non
2816 3414 3077 3503 potest,
3129 3409 3300 3502 quia

954 3541 1164 3595 sacra
1213 3521 1573 3617 scriptura
1625 3544 1774 3597 non
1824 3524 2200 3599 mentitur.
2255 3527 2343 3598 Et
2394 3527 2747 3620 promittit
2806 3527 2941 3601 sibi
2999 3527 3296 3602 solutio-

956 3661 1151 3736 nem,
1204 3647 1280 3716 et
1338 3642 1507 3716 facit
1574 3663 1750 3718 eum
1800 3649 2192 3739 attentum,
2252 3644 2538 3720 dicens:
2606 3668 2726 3719 ma
2783 3651 2854 3720 io
2913 3652 2965 3720 ti
3027 3639 3300 3721 solvero

958 3769 1131 3835 tosto
1180 3764 1253 3835 la
1302 3770 1547 3854 mente,
1601 3784 1768 3858 quae
1818 3763 2040 3859 ligata
2093 3771 2204 3839 est
2252 3771 2453 3840 tanto
2504 3766 2751 3860 dubio,
2801 3789 2839 3839 e
2887 3773 2960 3841 tu
3011 3771 3296 3859 ascolta,

956 3883 1159 3979 idest,
1212 3890 1487 3959 attente
1537 3892 1732 3979 nota,
1784 3881 1910 3959 che*
1955 3889 2016 3958 le
2064 3889 2196 3959 mie
2238 3890 2492 3979 parole
2557 3890 2609 3959 ti
2668 3892 2895 3981 faran
2956 3896 3292 3982 presente,

959 4003 1160 4097 idest,
1215 4025 1514 4099 munus,
1564 4005 1718 4080 sive
1782 4003 2063 4080 donum
2134 4026 2511 4102 magnum,
2572 4008 2670 4080 ita
2732 4008 2929 4102 quod
2986 4015 3300 4102 presente

957 4130 1067 4196 est
1100 4123 1218 4196 hic
1252 4145 1523 4200 nomen
1560 4147 1706 4200 non
1744 4126 2231 4221 participium,
2257 4131 2333 4200 di
2355 4149 2546 4220 yran
2579 4133 2974 4224 senlenzia5
3008 4138 3084 4204 et
3116 4131 3300 4204 bene

955 4241 1146 4335 dicit,
1189 4263 1359 4317 nam
1398 4244 1456 4317 si
1492 4245 1944 4320 Justinianus
1977 4247 2050 4318 in
2088 4248 2527 4340 praecedenti
2582 4249 2903 4343 capitulo
2938 4250 3107 4324 fecit
3141 4248 3300 4344 pul-

956 4381 1168 4434 crum
1223 4361 1499 4437 donum
1554 4366 1797 4439 autori
1851 4366 1944 4440 de
1987 4365 2294 4440 materia
2348 4368 2608 4442 morali
2660 4389 2832 4443 cum
2885 4369 3099 4443 claris
3133 4389 3303 4463 per-

957 4482 1439 4576 suasionibuS,
1467 4483 1757 4558 Beatrix
1794 4485 1867 4558 in
1910 4486 2249 4579 praesenti
2285 4488 2603 4582 capitulo
2639 4489 2809 4563 facit
2843 4489 2911 4564 ei
2947 4508 3300 4587 magnum

957 4601 1232 4676 donum
1286 4602 1379 4677 de
1431 4605 1739 4679 materia
1779 4605 2023 4681 divina
2074 4626 2249 4680 cum
2298 4609 2803 4685 subtilioribus
2856 4610 3302 4706 rationibus3
