3734 5567
1123 495 1403 551 CANTUS
1453 499 1884 555 TmGEsmus
1934 500 2258 555 munus.
2707 492 2847 556 267

499 642 855 738 propheta
906 640 1235 734 deplorat
1284 641 1807 717 desolationem
1861 649 2083 718 terrae
2130 650 2403 718 sanctae
2437 665 2662 738 quam
2715 647 2849 720 ba-

498 760 724 835 bituri
775 766 988 835 erant
1016 753 1116 853 (¹),
1178 766 1254 835 et
1320 761 1631 836 ostendit
1681 762 2052 857 quomodo
2129 762 2376 835 iniusti
2437 771 2512 838 et
2582 763 2846 860 ingrati

499 880 980 955 subiiciantur
1031 880 1331 976 flagellis
1384 882 1787 955 bominum.
1844 882 1933 955 Et
1992 889 2100 956 est
2163 882 2399 956 oratio
2462 882 2554 956 ad
2606 884 2844 958 Deum

499 1000 698 1095 quod
747 1000 973 1075 corda
1032 1006 1414 1075 convertat
1474 1021 1519 1074 a
1590 1003 1805 1076 malo.
1868 1002 2128 1098 Tangit
2188 1010 2442 1076 autem
2511 1003 2841 1078 ordinem

497 1140 651 1213 quo
700 1120 1115 1214 cantabant,
1167 1127 1242 1194 et
1292 1126 1372 1193 tu
1426 1122 1681 1196 ordina
1732 1122 1835 1196 sic
1889 1123 2217 1197 literam:
2273 1127 2364 1195 Le
2413 1126 2669 1215 donne,
2706 1125 2847 1198 sci-

497 1240 688 1334 licet,
738 1246 1016 1334 septem
1068 1239 1415 1336 virgine8‚
1465 1244 1970 1314 incominciaro
2031 1264 2070 1315 e
2126 1244 2606 1333 lam-imandO,
2670 1263 2847 1339 sup-

496 1360 638 1454 ple,
710 1359 1034 1433 clamare
1099 1359 1353 1434 dolore
1420 1366 1911 1453 extorquente
1986 1360 2351 1458 lacrymas
2420 1368 2496 1436 et
2560 1361 2840 1436 dicere:

496 1482 692 1562 dolce
733 1482 1161 1572 psalmodia,
1198 1478 1404 1572 idest,
1440 1489 1740 1554 cantum
1777 1480 2038 1574 psalmi
2077 1480 2394 1574 dulcem,
2438 1481 2605 1555 licet
2652 1489 2844 1556 esset

495 1598 590 1673 de
641 1599 947 1673 materia
1000 1619 1278 1673 amara.
1319 1600 1653 1673 Psalmus
1701 1606 1955 1674 autem
2008 1606 2168 1675 erat
2217 1601 2417 1674 talis:
2471 1606 2686 1691 Deus,
2722 1623 2840 1674 ve-

497 1726 756 1791 nerunt
800 1724 1033 1809 qences
1048 1744 1079 1810 ;
1131 1724 1207 1792 et
1254 1719 1413 1791 vult
1463 1719 1709 1793 dicere
1760 1721 2153 1814 propbeta:
2215 1741 2263 1794 o
2311 1721 2532 1812 DeuS,
2583 1726 2842 1810 aeneas,

496 1836 701 1930 idest,
751 1837 1057 1933 gentiles
1107 1838 1226 1911 vel
1275 1837 1727 1934 alienigenae,
1762 1838 1952 1912 sicut
2001 1839 2173 1934 syri,
2209 1838 2524 1934 aegyptii,
2576 1838 2842 1912 arabes

496 1964 862 2031 venerunt
912 1957 985 2029 in
1045 1957 1544 2032 haereditatem
1618 1963 1847 2051 tuam,
1918 1957 2122 2053 idest,
2192 1958 2267 2030 in
2335 1963 2612 2032 terram
2674 1978 2844 2032 san-

498 2082 689 2151 ctam
743 2082 904 2170 etc.,
959 2082 1031 2151 et
1092 2076 1190 2150 ita
1240 2098 1285 2151 a
1338 2077 1549 2150 simili
1601 2076 1756 2150 istae
1805 2077 2124 2150 dominae
2173 2076 2518 2150 volebant
2568 2076 2836 2170 dicere,

497 2196 686 2270 sicut
750 2196 902 2271 Deo
960 2197 1253 2272 volente
1318 2197 1625 2292 gentiles
1692 2197 2122 2271 invaserunt
2184 2203 2260 2270 et
2319 2203 2841 2291 oppresserunt

494 2321 773 2390 terram
809 2322 1137 2390 sanctam
1175 2323 1473 2411 propter
1507 2323 1804 2411 peccata
1830 2315 2278 2409 judaeorum,
2316 2315 2411 2389 ita
2454 2337 2652 2390 nunc
2687 2316 2839 2390 Deo

498 2434 964 2528 permittente
1012 2434 1250 2530 gallici
1284 2440 1836 2529 occupaverunt
1887 2440 1960 2508 et
2013 2442 2562 2529 usurpaverunt
2601 2435 2839 2509 eccle-

496 2553 682 2628 siam
734 2560 1059 2628 sanctam
1112 2554 1241 2628 Dei
1293 2561 1590 2649 propter
1640 2561 1938 2649 peccata
1991 2575 2507 2647 romanorum3
2550 2560 2625 2629 et
2665 2554 2835 2628 dicit

494 2675 942 2765 alternando,
982 2671 1165 2746 idest
1205 2673 1636 2747 alternative
1669 2693 1801 2768 per
1834 2673 2052 2766 vices,
2094 2695 2182 2746 or
2224 2681 2354 2767 tre,
2402 2673 2671 2747 scilicet
2705 2673 2836 2746 do-

492 2792 734 2886 minae,
773 2812 868 2866 ex
919 2812 1065 2865 una
1118 2799 1350 2886 parte,
1400 2812 1489 2863 or
1538 2799 1845 2882 quatern,
1887 2791 2179 2885 scilicet,
2215 2793 2529 2866 dominae
2564 2812 2656 2866 ex
2691 2791 2834 2865 alia

492 2918 736 3008 parte3
778 2911 877 2986 ita
928 2910 1126 3004 quod
1177 2917 1328 2985 tres
1377 2910 1797 3005 incipientes
1846 2911 2189 2985 dicebant
2238 2912 2560 3006 primum
2605 2910 2836 2985 versi—

493 3033 771 3126 culum,
799 3030 1093 3123 scilicet,
1120 3036 1335 3120 Deus,
1363 3036 1698 3103 venerunt
1724 3038 1957 3121 qences
1989 3034 2064 3104 in
2095 3033 2562 3104 hoereditatem
2599 3038 2786 3104 tuam
2799 3057 2831 3123 ,-

492 3157 567 3226 et
612 3151 776 3224 aliae
827 3156 1149 3243 quatuor
1199 3169 1293 3223 ex
1346 3149 1676 3244 opposito
1732 3149 2069 3224 dicebant
2135 3150 2540 3225 secundum
2602 3149 2836 3225 versi-

489 3271 769 3363 culum,
809 3270 1100 3362 scilicet,
1136 3276 1203 3341 et
1238 3270 1642 3360 polluerunt
1688 3272 2011 3361 templum
2058 3276 2374 3342 sanctum
2427 3276 2613 3343 tuum
2663 3274 2830 3363 etc.‚

492 3390 678 3464 sicut
726 3411 773 3464 a
822 3388 1038 3463 simili
1086 3388 1412 3482 quotidie
1460 3393 1758 3462 cantant
1799 3389 2152 3463 moniales
2183 3382 2257 3482 (²)
2303 3389 2723 3484 symbolum
2761 3388 2834 3462 in

494 3511 743 3602 chor0,
769 3516 845 3584 et
877 3510 976 3582 ita
1010 3507 1273 3583 clerici.
1302 3548 1401 3561 —
1426 3513 1492 3580 E
1522 3511 1859 3581 Beati-tce.
1897 3509 2028 3583 Hic
2063 3515 2276 3603 poeta
2318 3516 2609 3582 ostenso
2644 3528 2832 3602 qua-

491 3629 656 3704 liter
707 3649 788 3703 se
838 3627 1227 3702 habuerint
1255 3617 1330 3719 (³)
1382 3626 1699 3701 dominae
1750 3626 1844 3701 ad
1899 3633 2172 3722 tanta-m
2220 3634 2541 3724 stragem
2595 3628 2836 3701 eccle-

488 3751 616 3826 siae
666 3757 742 3825 et
790 3749 1096 3845 pastoris
1146 3749 1330 3842 eiuS,
1385 3770 1582 3824 nunc
1633 3748 1947 3824 ostendit
2014 3749 2383 3843 quomodo
2449 3770 2529 3823 se
2579 3749 2837 3823 habuit

489 3871 640 3967 ipsa
691 3870 985 3945 Beatrix
1034 3869 1127 3944 ad
1180 3875 1480 3943 cantum
1534 3869 1828 3943 illarum
1882 3868 2349 3942 dominarum
2403 3887 2571 3961 quae
2621 3875 2834 3941 erant

488 3991 768 4065 ancillae
816 4009 993 4065 suae.
1054 3990 1144 4062 Et
1206 3989 1445 4083 primo
1508 3989 1736 4085 tangit
1803 3987 2427 4083 perturbationem
2484 3986 2641 4061 eius
2701 4007 2833 4081 per

488 4110 1113 4205 comparationem
1166 4108 1709 4183 devotissimam
1762 4107 2030 4201 Mariae,
2082 4106 2366 4181 dicens:
2418 4111 2484 4178 E
2521 4109 2834 4179 Beatrice

487 4230 851 4320 sospirosa
898 4250 937 4301 e
975 4231 1131 4320 pia,
1184 4226 1390 4321 idest,
1440 4226 1693 4301 dolens
1744 4233 1818 4300 et
1877 4226 2324 4321 compatiens
2377 4231 2597 4300 tantae
2646 4225 2834 4299 indi-

486 4347 767 4444 gnitati,
837 4351 1199 4421 ascoltava
1257 4349 1500 4438 quelle,
1567 4345 1861 4438 scilicet,
1913 4345 2244 4419 dominas
2312 4351 2689 4421 cantantes
2757 4352 2834 4420 et

613 4535 670 4599 (¹)
701 4535 764 4585 E.
796 4540 947 4586 erant
977 4537 1211 4599 gentiles,
1242 4540 1298 4587 et
1327 4534 1566 4586 ostendit.
1737 4533 1794 4595 (²)
1827 4537 1937 4597 11⁷,
1971 4538 2160 4583 uncto
2192 4532 2440 4583 mulieres
2470 4531 2782 4595 symbolum.

610 4610 670 4676 (ἦ
701 4612 763 4662 Β.
796 4611 1108 4664 habuerunt.
