3734 5567
904 451 1049 519 282
1624 462 2035 519 commu-ma
2082 465 2529 520 ruam-roan

899 609 1085 684 hora
1120 605 1260 680 illae
1294 606 1612 681 dominae
1657 606 2145 684 firmaverunt
2173 601 2248 702 (¹)
2284 629 2385 684 se.
2430 610 2623 685 Dicit
2655 630 2877 710 ergo:
2907 616 2973 685 E
2997 613 3053 684 il
3080 614 3249 703 sole,

899 727 1191 821 scilicet,
1234 733 1519 820 quartae
1570 726 1736 821 diei,
1766 723 1892 820 pit)
1931 749 2289 822 corraso-0,
2333 729 2539 823 idest,
2582 728 3022 826 splendiduS,
3058 730 3249 804 sicut

898 846 1156 924 accidit
1206 846 1282 919 in
1333 844 1661 940 meridie,
1714 868 1753 919 e
1791 843 1921 940 pit)
1961 867 2094 920 con
2127 850 2291 921 lenti
2322 851 2546 942 passi,
2595 848 2768 943 quia
2818 856 2999 924 tunc
3046 848 3252 924 vide-

901 974 1025 1041 tur
1076 966 1354 1042 tardius
1407 966 1713 1061 moveri,
1767 974 2012 1040 teneva
2076 970 2132 1040 il
2185 970 2456 1042 cerchia
2514 971 2592 1042 di
2650 973 2983 1064 met-iqqe,
3041 969 3245 1065 idest,

900 1086 1264 1162 circulum
1313 1087 1802 1163 meridianum
1838 1086 1933 1163 de
1968 1107 2118 1182 quo
2152 1088 2365 1182 plene
2398 1087 2545 1162 dixi
2583 1089 2642 1162 11
2677 1089 2996 1183 capitulo
3032 1088 3249 1164 buius

898 1205 1338 1303 Purgatorii.
1375 1207 1463 1279 Et
1508 1205 1739 1301 tangit
1772 1213 2119 1281 naturam
2156 1207 2561 1302 meridiani,
2598 1208 2886 1284 dicens:
2923 1212 3044 1282 che
3071 1212 3253 1303 fassi

901 1345 1044 1419 qua
1091 1347 1129 1398 e
1179 1316 1251 1399 td
1298 1346 1491 1400 come
1536 1328 1640 1416 912·
1696 1328 1943 1419 aspecti
1955 1352 1987 1419 ,·
2049 1326 2189 1400 hoc
2249 1326 2537 1422 glosant
2585 1327 2850 1421 aliqui:
2915 1327 3122 1421 idest,
3174 1327 3249 1401 in

903 1446 1045 1546 hoc
1093 1444 1532 1540 hemisperio
1584 1452 1660 1519 et
1712 1444 1786 1519 in
1836 1446 1984 1539 illu,
2018 1444 2147 1519 sed
2189 1446 2418 1539 male3
2455 1468 2630 1522 nam
2666 1446 2987 1521 circulus
3022 1445 3248 1520 meri·

900 1565 1161 1640 dianus
1211 1564 1511 1663 fingitur
1562 1585 1723 1640 esse
1770 1565 2038 1640 ductus
2088 1564 2367 1641 directe
2415 1585 2548 1660 per
2597 1567 2856 1640 ambos
2912 1567 3117 1662 polos
3176 1573 3250 1641 et

897 1686 1144 1762 zenith
1182 1684 1457 1781 capitis,
1491 1685 1593 1759 ita
1628 1684 1828 1780 quod
1861 1683 2207 1780 quaelibet
2239 1685 2567 1760 civitates
2612 1693 2687 1761 et
2727 1693 2950 1762 terrae
2995 1705 3250 1781 aequa-

898 1806 1064 1881 liter
1115 1805 1462 1880 distantes
1511 1804 1607 1879 ab
1657 1804 1941 1881 oriente
1993 1805 2264 1880 babent
2313 1827 2534 1879 suum
2589 1805 3121 1899 meridianum3
3173 1811 3246 1880 et

898 1924 1003 1999 sic
1066 1930 1249 2018 quot
1298 1930 1471 1997 sunt
1518 1930 1858 2020 aspectus
1919 1931 2141 1998 terrae
2204 1924 2661 2019 inaequaliter
2720 1926 3090 2019 distanteS,
3142 1930 3249 1999 tot

899 2051 1072 2119 sunt
1121 2043 1504 2119 meridiani
1555 2043 2013 2136 ubicumque
2062 2044 2289 2118 fueris
2322 2044 2585 2120 sivein
2626 2046 2766 2118 boc
2809 2045 2963 2120 sive
2997 2044 3071 2118 in
3105 2044 3248 2119 alio

899 2161 1365 2256 hemisperi0,
1403 2164 1687 2252 quando
1728 2165 1790 2236 le
1830 2169 1990 2235 seue
2022 2165 2278 2254 donne,
2314 2184 2482 2256 quae
2513 2163 3029 2259 praecedebant
3062 2164 3248 2238 Bea-

901 2281 1185 2376 tricem,
1235 2284 1291 2354 s’
1318 2285 1654 2374 affisserc),
1689 2281 1898 2376 idest,
1939 2281 2426 2358 firmaverunt
2467 2304 2570 2377 se,
2606 2304 2652 2358 a
2686 2284 2924 2378 simili,
2958 2277 3021 2356 εὶ
3053 2303 3246 2357 come

901 2404 966 2475 si
1015 2405 1262 2493 affiyqe
1294 2403 1403 2474 clei
1433 2422 1526 2475 va
1558 2404 1853 2474 dinanzi
1901 2422 1952 2473 a
1997 2409 2197 2493 yeme
2233 2423 2372 2495 per
2417 2405 2681 2476 iscorta
2693 2430 2725 2497 ,·
2759 2402 2861 2477 ita
2895 2402 3093 2477 enim
3131 2421 3248 2478 se-

900 2526 1103 2617 ptem
1154 2520 1474 2617 virgines
1524 2520 2036 2615 praecedebant
2083 2526 2464 2615 tamquam
2515 2520 2740 2596 duces
2790 2522 3247 2617 praevenien-

903 2645 1011 2716 tes
1044 2639 1444 2716 adventum
1496 2640 1702 2715 istius
1741 2641 2156 2736 imperiosae
2194 2640 2535 2734 dominae,
2567 2663 2642 2713 se
2676 2648 2885 2715 crova
2918 2644 3244 2733 novitate,

899 2761 1106 2856 idest,
1148 2781 1420 2837 novam
1469 2766 1792 2857 gentem,
1826 2764 1905 2834 in
1941 2783 2061 2835 sue
2100 2764 2423 2852 vestiqqe,
2462 2760 2712 2836 relicta
2746 2781 2793 2836 a
2826 2761 2950 2835 tali
2985 2767 3211 2856 gente
3222 2784 3246 2854 ;

898 2880 1054 2955 istae
1116 2887 1369 2955 autem
1431 2880 1747 2955 dominae
1811 2880 2254 2956 invenerunt
2322 2901 2481 2956 rem
2545 2900 2816 2954 novam
2882 2880 3239 2954 arborum

895 2999 1035 3074 sub
1102 3020 1251 3093 qua
1317 2999 1810 3075 decurrebant
1871 2999 2020 3074 duo
2098 3000 2449 3093 flumina3
2521 2999 2719 3073 unde
2789 2998 3006 3074 dicit:
3071 3000 3244 3092 alfin

897 3119 966 3191 α’
981 3138 1078 3191 un
1077 3118 1361 3190 'embra
1385 3126 1682 3209 smorta,
1710 3117 1920 3212 idest,
1946 3118 2194 3212 spissa,
2223 3139 2269 3192 a
2303 3053 2538 3213 simili,
2567 3121 2738 3210 qual
2759 3120 2978 3209 rAlpe
2998 3124 3239 3210 porta,

896 3236 1109 3331 idest,
1145 3235 1502 3331 producit,
1537 3245 1714 3317 sotto
1741 3241 1959 3331 soqlie
1992 3239 2191 3311 verdi
2220 3259 2259 3310 e
2289 3240 2481 3310 rami
2529 3239 2722 3328 niyri
2756 3257 2979 3330 sopra
3010 3240 3038 3309 i
3086 3240 3241 3311 suoi

895 3358 1142 3451 freddi
1170 3358 1329 3429 rivi.
1366 3356 1453 3429 Et
1477 3356 1593 3430 hic
1620 3362 1793 3430 nota
1817 3357 2016 3450 quod
2052 3357 2221 3432 licet
2253 3363 2467 3452 poeta
2494 3364 2743 3432 noster
2777 3357 2917 3431 hoc
2950 3357 3243 3432 vidisset

900 3474 975 3548 in
1012 3474 1260 3549 multis
1293 3475 1621 3570 partibus
1672 3476 1746 3549 in
1795 3475 2118 3571 AlpibuS,
2161 3481 2408 3550 lamen
2449 3477 2589 3550 hoc
2635 3476 3005 3572 praecipue
3039 3476 3241 3552 vide-

900 3601 1018 3670 rat
1049 3595 1125 3668 in
1165 3595 1534 3669 montibus
1574 3595 1929 3691 Apennini
1968 3616 2196 3692 prope
2229 3596 2675 3672 Florentiam
2726 3596 2802 3670 in
2843 3596 3033 3670 valle
3065 3595 3240 3669 Arni

901 3716 1240 3811 desuper,
1278 3715 1405 3790 ubi
1440 3722 1552 3790 est
1583 3736 1764 3812 ager
1798 3716 2290 3810 pulcer-rimus
2323 3716 2659 3791 omnium
2698 3715 2889 3792 inter
2924 3716 3244 3790 Faesulas

898 3841 976 3911 et
1016 3835 1373 3930 Aretium,
1426 3836 1623 3911 unde
1657 3834 1989 3910 transivit
2022 3835 2401 3926 Hannibal,
2440 3842 2525 3908 ut
2565 3835 2814 3909 scribit
2848 3835 3116 3910 Livius.
3144 3874 3243 3888 —

899 3959 1232 4030 Dinanzi.
1275 3955 1408 4030 Hie
1439 3962 1653 4051 poeta
1685 3954 2028 4030 describit
2058 3961 2308 4029 ortum
2345 3954 2668 4028 duorum
2711 3953 3107 4028 fluviorum
3140 3943 3240 4048 (¹),

900 4097 1087 4169 quos
1127 4077 1284 4170 jam
1346 4073 1723 4169 descripsit
1788 4094 2035 4168 supra,
2088 4073 2355 4167 quibus
2406 4072 2757 4169 irrigatur
2828 4079 2977 4147 tota
3038 4073 3241 4168 sylva

900 4199 1172 4288 sancta,
1225 4193 1497 4270 scilicet
1562 4195 1868 4269 Lethem
1921 4199 1995 4267 et
2043 4193 2322 4287 Eunoe,
2378 4213 2565 4286 quos
2613 4192 2783 4267 dicit
2834 4213 2923 4267 ex
2979 4192 3242 4267 eodem

904 4312 1104 4387 fonte
1161 4313 1360 4387 nasci
1421 4313 1609 4387 sicut
1659 4314 1778 4388 illa
1827 4313 1978 4387 duo
2028 4312 2329 4387 flumina
2395 4313 2802 4407 Euphrates
2851 4320 2928 4388 et
2984 4311 3242 4408 TigriS,

1028 4570 1084 4635 (¹)
1113 4570 1174 4620 Ε.
1205 4570 1554 4623 armaverant.
2054 4570 2108 4634 (·)
2144 4575 2247 4633 117,
2280 4571 2576 4625 numinum.
