3734 5567
1291 474 1571 530 CANTus
1618 473 1970 539 QUARTUS.
2663 460 2804 529 387

470 623 603 699 nisi
651 642 784 718 per
835 619 1195 712 auditum,
1236 618 1497 712 visum,
1534 624 1671 692 etc.
1700 657 1797 670 —
1825 622 1964 690 Per
2014 623 2267 708 questa
2321 615 2452 690 Hic
2512 617 2802 691 Beatrix

469 742 856 819 confirmat
905 740 1179 816 dictum
1233 759 1454 813 suum
1506 738 1845 831 exemplo
1895 757 2123 811 sacrae
2184 737 2589 832 scripturae,
2640 755 2810 830 quae

475 864 706 939 utitur
758 862 883 937 tali
935 860 1153 935 modo
1204 858 1547 954 loquendi
1583 858 1899 956 figurato
1951 857 2023 930 in
2073 857 2226 932 Deo
2277 865 2352 932 et
2402 857 2810 952 intelligen-

478 983 614 1078 tiis,
667 983 948 1060 dicens:
1001 986 1144 1054 Per
1185 987 1445 1072 questo,
1486 978 1690 1072 idest,
1726 978 1822 1052 ob
1871 977 2080 1051 istam
2126 998 2451 1070 causam,
2488 980 2559 1049 la
2594 979 2812 1050 δονα-

479 1113 667 1196 tura,
720 1123 886 1197 qnae
944 1106 1054 1175 est
1112 1102 1262 1196 ipsa
1318 1099 1635 1192 Beatrix,
1686 1100 2151 1171 condescende
2197 1120 2244 1170 α
2296 1106 2536 1170 vostra
2579 1099 2812 1191 sacul-

480 1231 640 1316 tate,
674 1222 877 1315 idest,
915 1220 1232 1295 scientiae
1283 1220 1651 1311 humanae,
1686 1239 1724 1290 e
1759 1218 2151 1290 attribuisee
2199 1237 2248 1288 a
2297 1220 2436 1291 Dio
2469 1239 2505 1290 e
2541 1220 2732 1310 piedi
2778 1240 2817 1291 e

478 1363 719 1433 mam,
737 1342 926 1415 sicut
949 1341 1215 1415 dicitur
1241 1337 1589 1434 principio
1613 1337 1914 1440 Genesis
1940 1337 2137 1431 quod
2162 1337 2515 1411 Dominus
2531 1339 2724 1411 Deus
2740 1332 2816 1430 (¹)

480 1462 903 1538 ambulabat
936 1481 1070 1555 per
1094 1458 1537 1555 paradisum,
1565 1464 1637 1531 et
1672 1456 1869 1551 quod
1907 1477 2169 1530 manus
2204 1457 2365 1531 eins
2391 1456 2557 1531 fecit
2585 1457 2853 1531 homi--

482 1602 676 1676 nem,
712 1588 787 1655 et
832 1580 930 1653 ita
969 1579 1061 1653 de
1111 1577 1394 1672 multis;
1431 1584 1496 1650 et
1534 1580 1719 1650 altro
1762 1579 2061 1667 intende,
2105 1577 2277 1672 quia
2335 1597 2465 1671 per
2513 1598 2819 1650 manum

483 1701 810 1795 intelligit
859 1700 1255 1795 potentiam
1289 1691 1361 1791 (²)
1417 1705 1493 1773 et
1541 1698 2068 1793 operationem,
2121 1719 2252 1793 per
2300 1699 2556 1792 pedem
2612 1719 2823 1773 amo-

486 1842 647 1896 rem
681 1828 755 1896 et
793 1821 1275 1896 affectionem.
1331 1820 1420 1892 Et
1469 1818 1584 1892 bic
1627 1827 1798 1893 nota
1835 1817 2033 1912 quod
2075 1823 2284 1912 poeta
2324 1819 2597 1912 optime
2629 1817 2822 1910 dicit,

487 1941 659 2036 quia
709 1940 1106 2035 spiritualia
1156 1961 1301 2014 non
1365 1943 1666 2034 possunt
1730 1937 1937 2011 nobis
2003 1937 2449 2013 manifestari
2510 1938 2641 2011 nisi
2695 1958 2825 2033 per

488 2061 928 2136 sensibilium
981 2059 1559 2156 similitudinem3
1613 2078 1749 2134 nec
1811 2058 1972 2132 talis
2032 2058 2293 2131 modus
2346 2059 2827 2153 persuadendi

491 2181 984 2276 despiciendus
1027 2188 1136 2255 est
1171 2180 1578 2256 seeundum
1614 2179 2108 2275 Augustinum
2147 2178 2238 2254 de
2273 2179 2598 2253 doctrina
2634 2180 2831 2254 chri-

492 2300 761 2396 stiana3
813 2301 964 2375 imo
1011 2307 1122 2376 est
1171 2300 1660 2395 pulcerrimus
1697 2299 1960 2373 modus
2011 2299 2377 2393 loquendi.
2434 2301 2586 2373 Hoc
2637 2299 2829 2374 idem

496 2421 662 2494 facit
709 2422 803 2494 de
850 2422 1152 2516 angelis,
1188 2421 1316 2516 qui
1351 2427 1524 2495 sunt
1554 2420 1824 2494 similes
1859 2420 2049 2512 De03
2086 2419 2283 2494 uude
2316 2420 2520 2493 dicit:
2558 2442 2594 2493 e
2625 2427 2834 2493 santa

498 2542 750 2633 chiesa,
782 2539 1075 2634 scilicet,
1113 2541 1502 2635 apostolica
1542 2540 1855 2614 militans
1897 2540 2051 2613 Deo
2100 2539 2171 2610 in
2221 2538 2518 2632 mundo,
2557 2543 2627 2612 vi
2656 2561 2834 2632 rap-

490 2665 818 2752 presenta
865 2681 999 2733 eon
1047 2667 1311 2752 aspecto
1360 2680 1647 2749 umam,
1698 2658 1901 2749 idest,
1953 2659 2026 2732 in
2078 2659 2261 2732 facie
2311 2658 2644 2752 homiuiS,
2688 2642 2835 2730 Ga?-

495 2780 750 2872 brielle,
803 2780 928 2873 qui
981 2779 1503 2873 interpretatur
1554 2778 1904 2853 fortitudo
1963 2778 2114 2871 Dei,
2195 2778 2357 2853 ideo
2389 2769 2462 2869 (³)
2527 2777 2838 2851 mittitur

494 2900 588 2975 ad
638 2901 965 2993 Mariam,
1017 2922 1054 2973 e
1102 2903 1384 2974 Michele
1415 2922 1455 2973 e
1488 2902 1531 2972 ἴ
1557 2903 1771 2992 altre,
1807 2899 2100 2993 scilicet,
2137 2900 2434 2974 tertium
2486 2900 2837 2995 angelum
2948 2909 2951 2910 ’

495 3021 964 3114 Raphaelem,
1016 3020 1144 3114 qui
1194 3020 1720 3115 interpretatur
1791 3019 2148 3093 medicina
2207 3019 2361 3113 Dei,
2430 3020 2591 3095 ideo
2671 3019 2843 3091 mit-

503 3141 678 3214 titur
727 3141 819 3214 ad
871 3140 1208 3234 Tobiam3
1263 3141 1459 3215 unde
1507 3139 1713 3214 dicit:
1764 3142 1885 3214 che
1937 3141 2148 3217 Tobia
2181 3143 2389 3234 risece
2425 3161 2632 3230 sano,
2666 3160 2838 3213 cum

501 3266 691 3333 esset
742 3279 1044 3353 pauper,
1091 3280 1316 3333 senex
1370 3266 1446 3334 et
1497 3280 1759 3335 caecuS.
1814 3259 1956 3333 Sed
2008 3279 2103 3334 ne
2151 3260 2421 3353 aliquid
2468 3265 2846 3335 remaneat

507 3382 747 3454 minus
796 3380 1109 3471 clarum,
1164 3387 1274 3453 est
1332 3380 1763 3454 brevissime
1815 3381 2251 3454 summanda
2305 3380 2625 3474 historia,
2679 3399 2848 3475 quae

505 3505 615 3575 est
665 3498 1036 3573 notissima
1087 3498 1284 3593 apud
1333 3499 1784 3593 christianoS,
1820 3507 1896 3574 et
1946 3522 2090 3574 non
2146 3501 2552 3576 admittitur
2585 3502 2680 3576 ab
2717 3503 2847 3575 he-

504 3620 741 3694 braeis.
793 3618 1052 3693 Tobias
1103 3639 1284 3715 ergo
1336 3619 1469 3693 fuit
1511 3621 1863 3717 galilaeuS,
1902 3619 2014 3694 vir
2044 3620 2313 3715 justuS,
2357 3621 2542 3716 pius,
2587 3621 2850 3695 timens

505 3741 766 3833 Deum,
804 3739 931 3833 qui
963 3738 1289 3833 captivus
1340 3739 1413 3812 in
1464 3740 1758 3815 civitate
1791 3740 2048 3814 Ninive
2086 3741 2315 3815 semel
2361 3741 2700 3836 fatigatus
2735 3760 2852 3815 se-

506 3862 802 3956 pultura
840 3859 1056 3932 unius
1090 3859 1203 3932 sui
1239 3859 1512 3934 hebraei
1548 3860 1925 3954 interfecti,
1967 3859 2144 3933 dum
2186 3860 2403 3934 vellet
2431 3880 2693 3954 parum
2731 3879 2850 3934 re-

508 3981 888 4073 quiescere
939 3986 1264 4054 stercora
1314 3979 1544 4054 calida
1580 3979 2055 4053 birundinum
2104 3978 2525 4054 ceciderunt
2562 3979 2633 4052 in
2669 3999 2851 4053 ocu-

510 4098 616 4173 los
665 4101 823 4175 eius
874 4107 948 4175 et
998 4101 1230 4174 factus
1281 4106 1392 4175 est
1442 4120 1701 4175 caecus.
1758 4100 1900 4174 Sed
1964 4099 2225 4174 Tobias
2284 4100 2358 4173 in
2414 4101 2856 4177 adversitate

514 4240 647 4296 sua
696 4220 1259 4314 patientissimus
1298 4241 1590 4315 semper
1628 4220 1902 4317 gratias
1937 4221 2084 4317 egit
2120 4222 2295 4296 De0.
2334 4221 2657 4298 Tandem
2692 4243 2857 4298 cre-

567 4481 572 4486 ,
638 4451 692 4513 (¹)
724 4450 786 4502 E.
819 4451 959 4501 Deus
990 4452 1142 4503 Pater
1174 4455 1501 4516 omnipotens
1531 4453 1841 4505 ambulabat.

637 4524 693 4590 (’)
723 4532 772 4587 4,
804 4528 1102 4590 sapientiam
1134 4533 1188 4579 et
1217 4531 1588 4593 operationem.

639 4600 694 4667 (⁸)
723 4602 775 4654 S.
807 4605 955 4666 idest,
987 4605 1229 4658 mittitur.
1248 4632 1310 4645 —
1329 4612 1375 4669 6,
1407 4608 1526 4658 inde
1557 4608 1796 4660 mittitur.
