3734 5567
1172 476 1451 532 CANTus
1500 478 1882 532 VIGESIMUS
1931 478 2273 534 ocnvus.
2762 467 2898 538 173

549 632 698 699 ster
751 628 1004 697 movet
1053 621 1532 715 quaestionem
1568 614 1640 712 (¹)
1696 621 1892 695 venti
1942 629 2016 697 et
2066 644 2304 717 aquae,
2347 645 2521 699 cum
2558 626 2894 702 videatur

545 742 987 839 impossihile
1061 761 1194 836 per
1269 748 1636 816 naturam.
1690 740 1874 815 Dicit
1934 762 2156 838 ergo:
2224 747 2410 817 Diss'
2434 748 2532 835 io,
2586 747 2680 819 illi
2755 747 2889 822 do-

545 864 787 957 minae,
824 866 869 936 Γ
896 881 1147 954 acqua,
1175 861 1392 956 juxta
1427 880 1652 953 quam
1691 880 1978 954 sumuS,
2026 884 2063 934 e
2088 865 2139 935 'l
2167 884 2344 936 saon
2382 867 2566 938 della
2595 870 2892 960 foresta,

543 983 747 1077 idest,
800 987 1064 1058 ventus
1113 981 1363 1076 sylvae,
1414 979 1541 1072 qui
1593 979 1818 1073 spirat
1868 986 1944 1055 et
1995 983 2228 1074 quatit
2286 984 2612 1078 arboreS,
2663 989 2891 1079 impu-

539 1123 740 1194 9mm
786 1104 1034 1175 dentro
1083 1121 1133 1172 a
1182 1121 1290 1172 me
1337 1101 1610 1172 novella
1654 1102 1840 1192 fede,
1892 1099 2097 1195 idest,
2146 1123 2413 1177 novam
2466 1105 2886 1181 aviditatem

541 1222 833 1316 sciendi,
885 1224 962 1295 di
1024 1242 1192 1294 cosa
1254 1223 1356 1293 ch’
1379 1224 1450 1292 io
1499 1223 1667 1312 udi',
1719 1221 2011 1316 scilicet,
2063 1243 2287 1318 supra
2347 1246 2391 1299 a
2452 1225 2701 1322 Statio,
2762 1248 2889 1302 ca-

539 1342 769 1438 pitulo
806 1342 992 1435 XXI,
1044 1343 1412 1414 contraria
1462 1362 1510 1413 a
1558 1349 1796 1434 questa
1825 1334 1924 1433 (²).
1969 1342 2072 1415 lbi
2124 1344 2319 1417 enim
2363 1345 2542 1419 dixit
2592 1346 2886 1441 StatiuS,

540 1462 736 1556 quod
804 1462 1004 1535 nulla
1080 1459 1460 1556 impressio
1535 1461 1727 1535 aeris
1801 1459 2020 1535 fiebat
2080 1481 2125 1536 a
2193 1470 2403 1557 porta
2476 1468 2886 1563 purgatorii

539 1603 797 1678 supra3
850 1581 1014 1657 ideo
1063 1601 1263 1655 nunc
1313 1582 1476 1676 plus
1527 1581 1938 1655 mirabatur
1987 1583 2080 1657 de
2130 1590 2352 1658 vento
2418 1593 2492 1660 et
2547 1607 2744 1681 aqua
2810 1587 2884 1661 in

539 1702 924 1777 cacumine
989 1701 1279 1794 montiS,
1331 1721 1556 1795 quam
1630 1702 1848 1795 paulo
1907 1708 2077 1777 ante
2145 1702 2238 1778 de
2298 1704 2449 1779 risu
2508 1706 2880 1780 Mathildis.

540 1825 629 1897 Et
667 1823 910 1897 subdit
946 1822 1491 1918 responsionem
1528 1822 1904 1915 Mathildis,
1941 1844 2109 1916 quae
2145 1824 2383 1919 primo
2424 1826 2774 1922 promittit
2798 1817 2878 1918 (⁹)

540 1943 976 2018 solutionem
1032 1942 1255 2036 dubii,
1290 1941 1573 2016 dicens:
1609 1945 1773 2015 ond’
1799 1945 1963 2033 ella,
2003 1944 2281 2038 supple,
2333 1944 2512 2019 dixit
2555 1945 2753 2039 mihi,
2799 1953 2881 2020 ut

539 2065 814 2140 faceret
866 2084 987 2139 me
1036 2068 1440 2137 attentum:
1491 2064 1562 2134 io
1612 2055 1848 2136 dicero
1898 2084 2091 2137 come
2137 2056 2246 2137 οἱὸ
2295 2067 2397 2137 οΙι’
2422 2069 2774 2138 ammirar
2824 2069 2876 2138 ιι·

532 2190 716 2279 face,
767 2185 1062 2277 scilicet,
1115 2190 1378 2258 ventus
1438 2189 1514 2256 et
1576 2203 1797 2277 aqua,
1852 2187 2161 2275 procede
2205 2206 2344 2277 per
2401 2206 2534 2258 sua
2594 2189 2873 2279 cayion,

536 2326 681 2379 non
714 2303 1033 2378 naturali
1060 2291 1162 2396 (⁴),
1210 2324 1248 2375 e
1274 2296 1631 2395 puryherc)
1665 2305 1739 2375 la
1770 2303 2043 2393 nebbia,
2077 2303 2284 2396 idest,
2320 2303 2708 2378 dissolvam
2747 2324 2880 2379 ne-

533 2423 785 2497 bulam
822 2422 1274 2518 ignorantiae,
1312 2425 1432 2495 che
1464 2424 1516 2494 ti
1538 2424 1743 2512 fiede,
1779 2421 1982 2515 idest,
2012 2422 2177 2497 ferit
2212 2429 2286 2497 et
2321 2423 2634 2518 percutit
2668 2443 2878 2497 men-

536 2551 685 2617 tem
739 2548 943 2615 tuam
996 2541 1499 2636 admiratione,
1549 2541 1757 2636 quasi
1800 2540 2028 2615 dicat:
2072 2542 2259 2615 sicut
2303 2563 2447 2618 vox
2501 2528 2874 2637 prophetae

534 2669 768 2759 potest
823 2662 1219 2737 dissolvere
1280 2668 1355 2737 et
1416 2662 1919 2736 distenebrare
1983 2668 2196 2735 tuum
2268 2662 2715 2736 intellectum
2781 2659 2874 2735 de

536 2805 682 2858 una
732 2803 815 2858 re
867 2781 1201 2876 mirabili,
1245 2782 1362 2856 ita(
1381 2803 1523 2856 vox
1577 2801 1744 2856 mea
1777 2780 2296 2855 distenebrabit
2329 2780 2567 2875 ipsum
2604 2780 2697 2854 de
2730 2779 2871 2854 alia

533 2923 615 2978 re
666 2923 812 2976 non
865 2903 1107 2975 minus
1161 2900 1493 2974 mirabili.
1524 2905 1746 2972 —Lo
1794 2921 2084 2973 sommo,
2145 2900 2276 2974 Hic
2339 2898 2691 2974 Mathildis
2744 2919 2877 2972 vo-

529 3025 685 3099 lens
734 3024 1023 3097 solvere
1075 3022 1302 3117 ipsam
1357 3020 1836 3115 quaestionem
1889 3020 2137 3115 incipit
2196 3040 2460 3115 parum
2520 3040 2564 3093 a
2625 3019 2865 3114 longe,

530 3143 916 3218 ostendens
967 3161 1201 3236 quare
1252 3146 1327 3215 et
1376 3140 1468 3215 ad
1519 3160 1744 3234 quem
1794 3139 2013 3214 finem
2057 3139 2292 3213 factus
2335 3145 2443 3213 est
2492 3138 2699 3212 locus
2734 3137 2868 3212 iste

528 3263 685 3338 sine
733 3262 978 3356 aliqua
1028 3259 1459 3335 alteratione
1511 3259 1848 3334 naturali.
1911 3258 2117 3333 Unde
2176 3258 2385 3333 dicit:
2441 3263 2540 3330 Lo
2597 3277 2866 3329 sommo

527 3387 738 3472 Bene,
790 3381 1078 3473 scilicet,
1133 3381 1355 3472 Deus,
1406 3382 1526 3453 che
1573 3382 1725 3452 solo
1775 3401 1928 3452 esso
1979 3400 2027 3451 a
2071 3400 2148 3452 se
2184 3381 2415 3471 piace,
2453 3378 2625 3472 quia
2670 3377 2869 3451 solus

526 3502 724 3576 Deus
781 3522 861 3576 se
926 3500 1143 3593 videt,
1214 3519 1294 3574 se
1362 3499 1692 3595 intelligit
1752 3504 1827 3573 et
1891 3499 2265 3595 cognoscit
2318 3497 2661 3592 perfecte,
2724 3500 2872 3589 fece

527 3624 572 3695 Γ
593 3643 786 3712 uom,
836 3621 1129 3715 scilicet,
1179 3619 1409 3694 Adam
1462 3626 1538 3694 et
1587 3619 1840 3713 Evam,
1894 3620 2150 3708 buorw,
2185 3617 2584 3713 simplicem
2622 3626 2695 3693 et
2747 3638 2869 3692 re-

525 3748 729 3816 ctum
781 3741 854 3814 in
905 3747 1096 3815 statu
1149 3739 1601 3832 innocentiae,
1673 3760 1721 3811 a
1769 3739 1961 3828 bene,
2015 3737 2218 3830 idest,
2271 3735 2364 3811 ad
2415 3735 2634 3811 finem
2691 3736 2869 3812 bea-

517 3846 867 3954 titudinis,
938 3883 977 3934 e
1023 3861 1220 3933 diede
1269 3866 1501 3951 questo
1554 3861 1730 3951 loce,
1789 3856 2080 3950 scilicet,
2145 3854 2563 3950 paradisum
2631 3862 2870 3930 terre-

431 3960 448 3977 *
527 3985 777 4073 strem,
829 4000 876 4051 a
942 3981 1063 4071 lui,
1125 3977 1421 4072 scilicet,
1482 3976 1656 4051 Adae
1719 3983 1794 4050 et
1860 3976 2061 4066 Evae,
2103 3996 2240 4068 per
2288 3996 2474 4048 arra
2531 3978 2600 4048 α’
2627 3984 2869 4049 eterna

521 4118 723 4191 pace,
774 4098 975 4192 idest,
1013 4119 1146 4194 pro
1179 4104 1389 4193 parte
1423 4096 1735 4171 coelestis
1769 4094 2147 4171 felicitatis
2185 4095 2273 4169 Et
2306 4095 2421 4169 hic
2458 4095 2862 4195 notaoquod

526 4217 740 4312 primi
790 4224 1130 4312 parentes
1162 4217 1334 4291 satis
1372 4236 1716 4313 magnam
1753 4215 2170 4290 felicitatem
2214 4214 2599 4309 habebant,
2643 4216 2860 4291 etiam

647 4447 703 4511 (¹)
739 4453 846 4509 117,
879 4449 1217 4513 questionem
1250 4447 1489 4499 mathildi
1523 4448 1663 4498 circa
1694 4448 1952 4511 originem
1983 4447 2125 4498 venti
2157 4450 2212 4497 et
2243 4459 2408 4511 aquae.

645 4523 700 4587 (²)
732 4524 793 4574 E.
825 4531 1014 4590 quma.
1046 4524 1100 4576 Si
1131 4526 1271 4575 enim
1303 4525 1448 4575 dixit.
1865 4523 1921 4588 (Ἴ
1953 4524 2015 4574 Ε.
2050 4524 2304 4588 promisit.

645 4599 701 4662 (⁸)
731 4600 794 4652 E.
826 4615 932 4652 non
964 4601 1289 4652 notun-auter.
