3734 5567
1285 508 1560 565 CANTUS
1611 510 1942 576 QUINTUS·
2641 504 2727 570 41
2745 507 2776 570 1

436 651 703 748 stianis,
758 651 1052 747 quando
1113 652 1359 727 vident
1389 645 1463 744 (¹)
1529 660 1679 727 tam
1741 653 1963 748 impie
2021 653 2509 749 blasphemari
2574 658 2783 732 Chri-

434 780 653 848 stum.
708 774 794 846 Et
846 771 1212 847 concludit
1263 793 1358 848 ne
1408 774 1845 848 recedamus
1879 773 1973 846 ab
2014 775 2317 849 ecclesia
2362 797 2493 871 per
2528 778 2783 853 dome-

433 895 696 969 sticum
749 894 1204 988 exemplum,
1255 893 1541 968 dicens:
1593 915 1741 967 non
1767 899 1915 988 face
1947 914 2138 966 come
2170 899 2384 986 ayne!
2411 899 2531 968 che
2564 900 2783 972 las-cia

431 1019 484 1089 il
532 1020 693 1090 lacte
742 1018 925 1088 della
973 1035 1105 1086 sua
1155 1017 1431 1106 madre,
1483 1021 1558 1089 et
1608 1015 1709 1089 ita
1745 1035 1876 1091 vos
1911 1014 2319 1089 doctrinam
2357 1018 2613 1090 matris
2656 1038 2781 1093 ec-

430 1137 706 1229 clesiae3
760 1157 797 1208 e
844 1136 1162 1225 semplice
1209 1154 1246 1205 e
1296 1136 1556 1207 lascivo
1616 1155 1770 1207 seco
1835 1137 2180 1207 medesmo
2238 1156 2285 1206 a
2351 1157 2477 1209 suo
2531 1141 2782 1230 piacet·

429 1259 786 1348 combatte,
837 1260 912 1330 et
961 1255 1064 1328 sic
1113 1253 1304 1328 cadit
1353 1254 1429 1327 in
1482 1275 1564 1328 os
1629 1255 1818 1350 lupi3
1871 1260 1947 1329 et
2010 1254 2108 1329 ita
2169 1256 2298 1329 'vos
2358 1257 2779 1353 ignorantes

429 1377 678 1452 caditis
728 1378 799 1448 in
837 1396 919 1449 os
951 1375 1239 1467 diaboli,
1277 1375 1404 1469 qui
1438 1375 1634 1468 dicit,
1667 1375 1854 1448 sicut
1889 1375 2152 1450 dicitur
2190 1376 2544 1471 fabulose,
2581 1380 2778 1473 quod

429 1499 646 1593 lupus
698 1495 973 1572 invenit
1022 1516 1300 1591 agnum
1356 1495 1597 1568 solum
1650 1495 1809 1570 sine
1845 1501 2105 1589 matre,
2142 1503 2217 1571 et
2251 1499 2566 1573 comedit
2602 1520 2777 1574 eum

428 1637 788 1692 excusans
839 1636 918 1690 se
970 1615 1142 1707 quia
1195 1612 1579 1709 oportebat
1630 1636 1907 1711 agnum
1954 1617 2165 1710 mori,
2209 1637 2380 1691 cum
2428 1640 2574 1692 non
2612 1640 2780 1715 pos-

424 1744 536 1812 set
585 1738 837 1812 vivere
904 1735 1059 1810 sine
1123 1735 1334 1828 lacte,
1390 1741 1471 1808 ut
1523 1735 1692 1810 dicit
1738 1737 2160 1811 Aristoteles
2212 1740 2535 1814 secundo
2586 1741 2781 1817 Rbe-

431 1858 861 1931 toricorum.

582 1969 736 2051 Cos-i
785 1979 1119 2051 Beatrice.
1158 1979 1298 2051 Ista
1335 1982 1443 2051 est
1486 1984 1751 2072 quarta
1786 1998 1956 2072 pars
1989 1981 2354 2075 generalis
2380 1973 2491 2074 (²),
2524 1984 2593 2057 in
2632 2005 2782 2078 qua

424 2098 693 2172 Dantes
744 2098 1085 2172 describit
1136 2119 1355 2171 suum
1409 2119 1797 2174 ascensum
1833 2098 1925 2173 ad
1963 2120 2254 2194 speram
2292 2103 2652 2177 Mercurii.
2690 2106 2776 2178 Et

421 2217 664 2311 primo
696 2217 1129 2291 continuans
1163 2217 1352 2291 dicta
1387 2218 1705 2292 dicendis
1755 2219 1982 2315 tangit
2020 2219 2558 2315 dispositionem
2587 2222 2775 2298 Bea-

422 2337 622 2411 tricis
671 2338 763 2412 ad
816 2359 1085 2412 novam
1142 2338 1553 2431 materiam,
1605 2338 1889 2413 dicens:
1952 2334 2104 2412 Cos}
2169 2345 2486 2414 Bealrioe
2535 2364 2582 2414 a
2632 2366 2764 2436 me,

420 2458 699 2552 supple,
751 2458 1057 2552 loquuta
1109 2466 1238 2552 est,
1291 2462 1465 2531 com'
1489 2462 1561 2531 io
1593 2463 1876 2552 scn'vo;
1910 2467 1985 2534 et
2018 2460 2512 2537 admonitione
2560 2464 2770 2558 facta,

415 2579 542 2669 poi
587 2580 651 2649 si
697 2581 954 2650 rivolse
1003 2585 1173 2651 tulta
1221 2582 1540 2672 distante,
1576 2580 1789 2654 avida
1815 2570 1893 2671 (3)
1928 2581 2350 2655 ostendendi
2389 2584 2566 2657 mihi
2600 2585 2768 2679 alia,

419 2717 469 2767 a
520 2699 747 2787 quella
790 2704 1021 2790 parce,
1074 2698 1557 2793 superiorem,
1609 2720 1737 2771 ove
1769 2702 1822 2772 'l
1850 2702 2109 2773 mondo
2146 2696 2333 2792 &piel
2384 2705 2565 2794 vive,
2618 2725 2765 2778 non

418 2815 613 2889 dicas
661 2815 754 2890 ad
807 2817 1191 2912 orientem,
1242 2818 1429 2892 sicut
1478 2819 1703 2912 aliqui
1764 2819 1958 2893 male
2022 2821 2421 2914 exponunt,
2475 2822 2623 2896 imo
2673 2824 2766 2897 ad

415 2956 707 3030 speram
783 2938 1158 3032 Mercurii,
1244 2959 1413 3034 quae
1495 2946 1604 3014 est
1688 2939 2013 3013 vivacior
2095 2961 2309 3035 spera
2386 2942 2601 3016 lunae.
2681 2944 2769 3017 Et

415 3055 658 3129 subdit
710 3058 1081 3151 quomodo
1127 3059 1278 3153 ipsa
1320 3059 1757 3154 disposuerit
1790 3079 1967 3133 eum
2003 3059 2097 3133 ad
2137 3069 2568 3154 sequentem
2607 3084 2766 3137 ma-

414 3175 675 3249 teriam
733 3197 864 3272 per
913 3179 1063 3252 duo
1114 3180 1341 3276 signa,
1395 3180 1683 3254 dicens:
1738 3183 1806 3253 lo
1863 3200 1990 3252 suo
2053 3188 2306 3273 tacere,
2373 3183 2546 3276 quia
2599 3184 2766 3259 fecit

414 3293 636 3369 finem
706 3299 1049 3393 sermoni,
1114 3321 1152 3372 e
1197 3303 1249 3373 ’l
1296 3307 1651 3374 tramutar
1714 3301 2113 3392 sembiante,
2173 3301 2345 3393 quia
2409 3302 2599 3378 facta
2653 3310 2762 3379 est

412 3417 679 3492 clarior
730 3425 803 3493 et
853 3420 1189 3515 alacrior,
1237 3424 1790 3526 poser-,silenzio
1843 3424 1922 3495 al
1968 3425 2106 3495 mio
2140 3425 2389 3515 cupido
2429 3427 2758 3520 iuqeqaew,

411 3537 628 3611 avido
656 3539 1011 3633 novitatis,
1048 3543 1168 3614 che
1197 3533 1320 3632 yid
1353 3563 1575 3614 nuove
1610 3546 1950 3633 questioni
1973 3564 2150 3616 avea
2184 3545 2510 3637 davante,
2554 3545 2761 3638 quasi

409 3657 624 3751 dicat,
678 3657 844 3732 licet
891 3659 1032 3733 alia
1085 3659 1305 3735 dubia
1361 3668 1723 3736 restarent
1774 3661 2225 3736 discutienda
2278 3661 2474 3736 circa
2530 3670 2763 3738 mate-

408 3778 595 3853 riam
651 3779 826 3872 voti,
881 3786 1127 3854 tamen
1182 3780 1401 3855 finem
1438 3782 1628 3876 fecit,
1673 3782 1846 3876 quia
1891 3782 2072 3856 ordo
2109 3782 2271 3855 libri
2307 3802 2450 3854 non
2487 3783 2760 3876 patitur

405 3899 618 3993 plura
671 3899 957 3994 dicere3
1013 3900 1176 3974 ideo
1226 3901 1416 3975 bene
1465 3901 1671 3998 fingit
1706 3902 1904 3996 quod
1939 3900 2234 3974 Beatrix
2275 3907 2761 3994 apparaverat

407 4037 581 4092 eum
633 4019 724 4092 ad
776 4021 1158 4095 alia.-E
1200 4015 1280 4094 si.
1318 4021 1447 4096 Hic
1485 4028 1706 4095 autor
1757 4021 2099 4095 describit
2151 4040 2371 4094 suum
2424 4022 2754 4096 velocem

407 4135 817 4233 ingressum
871 4141 943 4213 in
980 4161 1269 4236 speram
1308 4142 1648 4216 Mercurii
1695 4162 1825 4236 per
1863 4162 2087 4215 unam
2130 4141 2752 4235 comparationem

405 4255 710 4348 claram,
760 4257 1041 4332 dicens:
1096 4265 1163 4333 E
1204 4252 1264 4333 si
1314 4281 1507 4334 come
1555 4268 1777 4334 saeua
1828 4264 1946 4333 che
1995 4264 2112 4334 nel
2139 4281 2357 4351 scyno
2398 4271 2752 4356 percuote,

404 4397 578 4450 cum
632 4376 936 4471 impetu,
983 4383 1150 4470 pria
1198 4384 1316 4453 che
1365 4385 1474 4453 sia
1536 4384 1608 4455 la
1677 4385 1903 4455 corda
1963 4390 2192 4473 queta,
2262 4381 2472 4474 quasi
2523 4382 2749 4457 dicat:

526 4563 581 4626 (¹)
613 4563 674 4612 E·
706 4564 913 4626 quando
947 4565 1162 4617 audiunt
1193 4570 1316 4616 tam.
1568 4565 1624 4629 (³)
1656 4568 1717 4618 E.
1752 4569 2007 4632 generalis
2038 4574 2091 4620 et
2122 4569 2323 4630 ultima,
2357 4569 2409 4618 in
2442 4583 2561 4632 qna.

528 4640 582 4704 (⁸)
613 4641 675 4691 Ε.
711 4641 859 4703 idest,
894 4643 1056 4694 avida.
