3734 5567
1423 507 1699 563 CANTUS
1748 510 2036 564 PRIMUS·
2760 501 2900 567 295

556 656 911 752 recipiens
963 654 1162 751 quod
1211 652 1765 728 diversificatur.
1818 655 1979 727 Non
2032 674 2212 750 ergo
2263 654 2738 729 inveniuntur
2781 676 2900 731 res

557 796 815 852 omnes
867 775 941 847 in
994 774 1230 869 prima
1282 793 1504 847 causa
1558 792 1690 868 per
1739 772 2049 846 modum
2101 795 2374 866 unum3
2413 775 2575 849 ideo
2612 775 2801 850 bene
2836 783 2911 850 et

558 903 895 971 notanter
944 894 1124 968 dixit
1176 900 1412 989 poeta,
1457 892 1652 987 quod
1702 892 1934 989 gloria
1986 891 2229 967 divina
2282 894 2444 988 plus
2499 895 2906 989 resplendet

558 1017 632 1091 in
685 1036 833 1091 una
866 1021 1077 1110 parte
1125 1020 1201 1088 et
1249 1014 1493 1086 minus
1528 1012 1603 1085 in
1638 1011 1801 1085 alia.
1830 1052 1929 1064 —
1956 1014 2088 1084 Nel
2116 1015 2259 1085 ciel.
2297 1012 2429 1086 Hic
2461 1021 2680 1087 autor
2713 1035 2907 1110 prae-

560 1136 783 1210 missa
818 1133 1141 1209 maxima
1182 1131 1826 1226 universalissima,
1864 1131 2200 1226 proponit
2234 1132 2460 1227 ipsam
2521 1135 2906 1208 materiam

560 1257 874 1332 nobilem
930 1261 1005 1330 et
1056 1254 1502 1347 mirabilem3
1544 1252 1933 1348 profitetur
1975 1252 2169 1327 enim
2222 1272 2304 1327 se
2358 1253 2575 1328 fuisse
2610 1253 2680 1326 in
2719 1254 2908 1328 coelo

560 1398 735 1452 cum
786 1376 1027 1450 adhuc
1078 1373 1362 1448 viveret
1413 1373 1486 1446 in
1538 1393 1784 1467 carne,
1838 1378 1911 1447 et
1962 1373 2226 1447 vidisse
2278 1393 2365 1447 ea
2419 1393 2588 1469 quae
2637 1374 2910 1469 impos-

558 1499 764 1573 sibile
815 1502 924 1572 est
975 1496 1258 1570 referre
1308 1493 1743 1567 hominibus.
1811 1493 1996 1567 Dicit
2060 1514 2280 1590 ergo:
2334 1499 2442 1585 Ιο,
2494 1494 2698 1590 idest,
2765 1514 2907 1589 ego

559 1640 797 1694 novus
847 1622 1061 1711 poeta
1112 1614 1380 1688 Dantes
1432 1613 1555 1707 qui
1609 1612 1898 1687 fueram
1934 1612 2010 1686 in
2044 1614 2327 1688 inferno
2364 1619 2438 1689 et
2476 1613 2907 1710 purgatorio

559 1758 732 1812 cum
803 1757 953 1811 uno
1020 1740 1231 1830 poeta
1298 1753 1572 1829 magno
1632 1733 1960 1827 antiquo,
2023 1738 2123 1828 fu’
2173 1738 2291 1809 nel
2346 1738 2540 1828 ciel0,
2613 1734 2908 1827 scilicet,

562 1856 977 1931 mentaliter
1011 1875 1157 1932 non
1199 1853 1704 1949 corporaliter,
1740 1874 1912 1928 cum
1951 1860 2099 1928 una
2143 1856 2456 1930 muliere
2506 1855 2904 1929 clarissima

561 1976 974 2070 christiana,
1001 1977 1121 2049 che
1144 1976 1419 2067 prende
1441 1969 1594 2066 piei,
1635 1974 1808 2068 quia
1843 1975 2007 2069 plus
2041 1976 2317 2071 recipit,
2352 1978 2539 2049 della
2572 1997 2704 2049 sua
2737 1979 2909 2066 luce,

560 2098 765 2191 idest,
817 2096 909 2170 de
958 2095 1111 2190 ipsa
1163 2093 1394 2190 gloria
1445 2092 1599 2188 Dei,
1653 2114 1879 2187 quam
1933 2094 2255 2169 mundus
2306 2096 2773 2170 elementaris
2831 2095 2904 2168 in

559 2238 711 2312 quo
762 2218 1116 2290 hactenus
1167 2215 1448 2289 fuerat:
1494 2235 1662 2288 nam
1718 2214 2042 2287 mundus
2082 2215 2217 2288 iste
2266 2214 2567 2289 inferior
2618 2215 2902 2311 regitur

558 2360 603 2413 a
665 2337 1046 2432 superiori,
1114 2341 1197 2410 ut
1256 2335 1417 2411 vult
1475 2334 1945 2430 philosophus
2008 2336 2247 2430 primo
2310 2327 2900 2430 Methaurorum3

560 2456 757 2531 unde
816 2455 1152 2530 Ovidius:
1207 2460 1273 2529 et
1319 2457 1508 2546 quod
1564 2458 1749 2545 reyit
1806 2457 2047 2527 omnia
2094 2458 2376 2528 coelum:
2436 2463 2510 2530 et
2575 2456 2747 2550 quia
2800 2456 2907 2530 fui

559 2576 633 2650 in
684 2577 845 2649 loco
899 2574 1232 2668 mirabili,
1286 2573 1448 2649 ideo
1508 2575 1842 2649 miranda
1896 2574 2080 2669 vidi3
2135 2575 2331 2649 unde
2390 2574 2597 2650 dicit:
2649 2597 2686 2648 e
2736 2579 2906 2667 vidi,

557 2695 1017 2771 vivacissimo
1067 2695 1283 2769 oculo
1337 2693 1621 2788 mentis»,
1681 2714 1861 2787 cose,
1920 2693 2213 2789 scilicet,
2265 2694 2571 2789 aliquaS,
2625 2702 2709 2769 ut
2758 2701 2907 2770 sta-

556 2815 688 2889 tim
739 2815 932 2909 dicit,
984 2816 1129 2905 che,
1182 2813 1387 2908 idest,
1425 2834 1609 2908 quas
1645 2835 1786 2908 reS,
1823 2816 1933 2886 clei
1970 2816 2289 2887 discenda
2321 2816 2396 2886 di
2445 2810 2661 2905 lasse),
2697 2815 2905 2910 idest,

557 2934 955 3023 revertitur
1005 2956 1052 3009 a
1101 2933 1292 3008 coelo
1339 2931 1434 3007 ad
1467 2932 1698 3028 ipsam
1746 2940 2047 3027 terram,
2084 2933 2271 3007 sicut
2312 2953 2452 3029 ego
2489 2932 2669 3007 redii
2705 2933 2903 3008 finita

559 3056 775 3154 longa
825 3055 943 3130 via
994 3053 1376 3150 profundae
1411 3053 1924 3147 speculationis
1960 3073 2170 3148 meae,
2205 3050 2298 3128 ne*
2332 3074 2442 3147 sa,
2492 3050 2587 3128 ne*
2621 3046 2766 3147 pud
2797 3057 2905 3126 ri-

541 3180 737 3267 ἀίνε,
791 3175 1128 3270 quamvis
1178 3173 1375 3267 velit,
1428 3172 1614 3248 sicut
1663 3173 1921 3248 accidit
1968 3174 2224 3267 Paulo,
2267 3175 2394 3269 qui
2447 3180 2698 3269 raptus
2734 3174 2909 3249 vidit

559 3299 794 3371 multa
845 3315 1168 3391 quorum
1219 3294 1488 3369 oblitus
1538 3301 1646 3369 est
1698 3315 1871 3369 cum
1924 3295 2253 3370 rediisset
2303 3295 2394 3369 ad
2447 3315 2771 3370 carnem.
2817 3294 2905 3369 Et

560 3417 795 3496 reddit
846 3415 1206 3490 rationem
1259 3414 1374 3487 sui
1435 3414 1603 3489 dicti
1669 3416 1985 3510 probans
2034 3416 2608 3490 demonstrative
2667 3400 2905 3511 quare

560 3538 697 3610 hoc
749 3533 909 3609 fieri
961 3530 1139 3608 non'
1159 3533 1407 3628 possit,
1466 3534 1638 3627 quia
1689 3534 1961 3608 scilicet
2026 3534 2434 3609 intellectus
2484 3536 2648 3630 plus
2707 3507 2957 3608 videt·

557 3663 630 3730 et
664 3653 1066 3750 cognoscit,
1105 3674 1332 3747 quam
1386 3654 1745 3728 memoria
1798 3640 2221 3729 meminisse
2256 3654 2477 3749 possit
2491 3677 2511 3748 3
2565 3654 2761 3728 unde
2793 3653 2907 3726 di-

556 3775 688 3850 cit:
736 3768 994 3868 perche*
1035 3780 1280 3846 nostro
1328 3774 1676 3863 intelletm,
1728 3773 2021 3868 scilicet,
2073 3774 2446 3847 humanus
2480 3772 2746 3846 animae
2781 3793 2906 3846 ra-

556 3895 842 3970 tionalis
904 3894 1031 3989 qui
1101 3898 1210 3968 est
1281 3899 1662 3987 separatus
1740 3914 1786 3967 a
1864 3912 2200 3987 corpore,
2270 3892 2471 3968 sicut¹
2527 3882 2903 3965 ostensum

557 4023 668 4091 est
699 4015 897 4091 XXV
931 4014 1249 4111 capitulo
1283 4013 1722 4109 purgatorii,
1760 4015 2248 4106 appressando
2282 4009 2358 4085 se*
2388 4014 2464 4084 al
2504 4031 2632 4083 suo
2666 4014 2906 4104 distre,

560 4136 763 4230 idest,
815 4131 1393 4229 approximando
1445 4153 1741 4206 summo
1792 4133 2010 4227 bono,
2054 4132 2250 4227 quod
2301 4151 2560 4206 omnes
2600 4135 2912 4206 natura-

557 4253 724 4328 liter
772 4252 1208 4347 desiderant,
1263 4257 1346 4324 ut
1394 4252 1657 4346 probat
1708 4251 1895 4327 infra
1947 4272 2206 4326 versus
2258 4251 2480 4325 finem
2532 4249 2738 4324 istius
2778 4271 2908 4325 ca-
3024 4267 3027 4270 ·

558 4372 791 4469 pituli,
852 4376 915 4445 si
954 4373 1318 4467 profonda
1370 4380 1587 4465 tante,
1639 4372 1844 4467 idest,
1900 4372 2146 4470 figitur
2207 4379 2493 4448 tantum
2545 4371 2640 4446 ad
2689 4372 2904 4468 intra,

557 4496 677 4568 che
724 4500 918 4566 retro
970 4496 1043 4607 ῖᾳ
1075 4497 1416 4568 memoria
1450 4514 1596 4566 non
1621 4485 1765 4586 pud
1797 4496 1930 4588 ire,
1971 4514 2119 4568 non
2154 4500 2389 4589 potest
2423 4493 2632 4588 sequi
2666 4493 2905 4588 ipsum

557 4615 1030 4690 intellectum.
1086 4615 1174 4689 Et
1226 4621 1471 4689 tamen
1522 4621 1695 4688 nota
1746 4613 1946 4707 quod
1996 4614 2198 4688 nullo
2257 4614 2654 4708 intellectu,
2705 4613 2907 4688 nulla
