3734 5567
1300 517 1577 573 CANTUs
1626 518 1993 573 sEP'rfflus.
2673 511 2809 578 461

465 664 537 736 in
589 665 727 737 bac
791 664 1031 737 forma
1090 663 1653 738 sententialiter:
1705 684 1752 737 o
1802 664 2125 738 salvator
2174 666 2812 760 superilluminans

462 784 716 858 beatas
763 784 1048 857 animas
1099 782 1407 859 istorum
1461 785 1821 858 coelorum
1874 782 2107 880 gloria
2152 790 2323 880 tua3
2368 786 2537 860 dicit
2588 808 2810 884 ergo:

462 926 507 977 o
555 912 837 977 sanctus
887 908 1075 977 Deus
1142 925 1448 998 osanna,
1504 904 1710 999 idest,
1762 903 2105 1000 salvifica,
2158 908 2488 999 Sabaoth,
2543 927 2811 981 nomen

416 1030 423 1036 '
464 1026 843 1101 hebraeum
900 1031 1012 1099 est
1061 1025 1259 1119 quod
1309 1025 1838 1120 interpretatur
1869 1025 2226 1100 Dominus
2259 1028 2622 1100 virtutum
2659 1026 2813 1101 sive

463 1145 951 1239 exercituum,
986 1147 1579 1239 superium-tram,
1608 1145 1814 1239 idest,
1854 1145 2495 1239 superilluminans
2526 1140 2626 1241 (¹),
2661 1150 2807 1220 cla-

462 1268 668 1338 ritate
715 1273 860 1356 tua,
912 1264 1116 1359 idest,
1176 1265 1456 1341 lumine
1522 1264 1778 1361 gloriae
1832 1270 2005 1358 tuae,
2060 1268 2289 1358 felices
2347 1270 2570 1358 ίῃηεε,
2606 1267 2808 1360 idest,

462 1387 745 1462 animas
793 1386 1135 1461 ardentes
1184 1406 1444 1460 amore
1497 1391 1647 1478 tuo,
1698 1387 1951 1459 horum
1985 1388 2361 1478 malahotlae,
2394 1388 2599 1482 idest,
2636 1388 2810 1462 isto-

463 1529 632 1582 rum
676 1527 1122 1603 regnorum3
1175 1510 1250 1580 et
1301 1513 1412 1580 est
1446 1505 1778 1580 similiter
1819 1525 2091 1581 nomen
2127 1507 2599 1603 hebraicum3
2637 1529 2809 1582 nam

461 1628 645 1704 liber
698 1648 960 1724 regum
997 1626 1341 1701 hebraice
1375 1626 1640 1700 dicitur
1673 1626 2047 1700 Malacbin.
2085 1628 2172 1700 Et
2206 1629 2450 1702 subdit
2482 1628 2805 1703 subitum

463 1769 837 1824 recessum
907 1747 1097 1821 illius
1164 1754 1240 1823 et
1302 1747 1705 1841 sociarum,
1775 1746 2061 1821 dicens:
2131 1756 2197 1821 et
2264 1770 2449 1841 essa,
2514 1748 2804 1841 scilicet,

458 1869 705 1944 anima
756 1868 1098 1965 gloriosa,
1150 1891 1188 1941 e
1238 1871 1282 1942 Γ
1310 1873 1518 1960 altre,
1571 1867 1760 1942 sicut
1792 1867 2196 1943 substantia
2229 1870 2486 1944 Romei
2521 1877 2594 1946 et
2627 1869 2809 1945 alio-

457 2011 630 2064 rum
681 1990 1070 2085 spirituum
1124 1989 1565 2082 activorum,
1619 2009 1931 2062 mossero
1992 2009 2040 2061 a
2100 2009 2232 2062 sua
2282 1992 2549 2083 dauza,
2600 1991 2804 2085 idest,

460 2111 555 2186 ad
582 2101 656 2202 (²)
713 2109 1138 2204 tripudium,
1193 2109 1401 2204 quasi
1450 2109 1671 2184 dicat:
1726 2114 2112 2203 coeperunt
2159 2110 2441 2184 moveri
2493 2111 2804 2185 circula-

459 2231 659 2324 riter,
714 2230 838 2323 qui
889 2236 1135 2304 motus
1170 2230 1541 2324 perfectus
1575 2234 1687 2303 est
1720 2228 2061 2323 proprius
2100 2228 2594 2324 perfectarum
2629 2231 2805 2305 sub-

456 2335 916 2445 stantiarum,
962 2373 1024 2442 e,
1060 2354 1263 2442 quasi
1312 2352 1728 2423 velocissime
1772 2352 2037 2443 saville,
2095 2370 2278 2443 quas
2318 2351 2477 2445 jam
2523 2351 2807 2425 vocavit

458 2473 692 2567 igneS,
741 2474 838 2542 mi
884 2474 947 2543 si
996 2474 1262 2564 velare,
1319 2471 1524 2564 idest,
1581 2475 2044 2545 recesserunt
2081 2469 2178 2543 ab
2215 2470 2444 2544 oculis
2494 2470 2699 2565 meiS,
2733 2474 2807 2545 di

458 2592 684 2665 subita
731 2593 1081 2682 daslanza,
1135 2593 1492 2689 elongatae
1544 2591 1788 2665 subito
1850 2611 1895 2665 a
1958 2609 2077 2665 me
2127 2590 2312 2664 sicut
2363 2590 2624 2665 savillae
2674 2611 2804 2686 per

460 2731 733 2786 aerem.
763 2715 989 2783 -10.
1043 2711 1173 2785 Hic
1223 2717 1437 2806 poeta
1490 2710 1722 2808 tangit
1771 2731 1985 2785 suam
2044 2709 2584 2805 dispositionem
2644 2719 2804 2806 post

459 2850 830 2906 recessum
886 2830 1289 2925 Justiniani,
1343 2831 1515 2924 quia
1567 2831 1919 2905 remansit
1953 2830 2027 2903 in
2070 2830 2338 2906 ardore
2387 2831 2800 2906 declarandi

455 2951 547 3026 de
597 2971 749 3024 uno
772 2949 1022 3054 ‘dubio
1073 2950 1270 3044 quod
1312 2951 1471 3046 jam
1528 2956 1776 3025 mente
1825 2956 2262 3046 conceperat
2298 2971 2390 3025 ex
2428 2971 2576 3024 uno
2610 2951 2803 3025 dicto

454 3071 645 3145 illius
694 3070 1007 3164 spiritus.
1061 3069 1248 3144 Dicit
1296 3090 1478 3166 ergo
1546 3075 1622 3146 et
1681 3070 1886 3167 fingit
1942 3071 2259 3166 poetice:
2311 3075 2383 3144 io
2443 3072 2796 3166 dubitava,

455 3191 530 3264 in
580 3190 852 3285 animo,
904 3211 941 3262 e
991 3192 1227 3264 diceas
1278 3193 1463 3281 dille,
1516 3192 1700 3282 dille,
1752 3190 1960 3286 idest,
2004 3190 2119 3265 dic
2158 3211 2440 3285 secure,
2477 3213 2804 3287 propone

456 3311 934 3404 quaestionem
988 3317 1233 3406 tuam3
1295 3318 1369 3386 et
1430 3311 1693 3405 repetit
1749 3311 1843 3384 ad
1907 3312 2264 3387 maiorem
2315 3311 2800 3406 affectionem,

454 3453 493 3504 e
541 3434 779 3505 diceas
827 3433 1013 3522 dille,
1057 3435 1188 3525 fra
1237 3452 1369 3524 me,
1422 3431 1614 3506 intra
1650 3451 1781 3505 cor
1815 3450 2096 3525 meum,
2141 3434 2287 3505 alla
2338 3435 2483 3505 mia
2533 3434 2799 3523 donna,

456 3551 746 3646 scilicet,
797 3551 1135 3642 Beatrici,
1185 3553 1305 3624 che
1354 3555 1451 3624 mi
1499 3554 1779 3643 dissolu,
1831 3551 2038 3645 idest,
2101 3552 2284 3625 tollit
2342 3553 2517 3625 mihi
2584 3552 2797 3645 sitim,

456 3671 658 3767 idest,
711 3671 1154 3746 desiderium
1206 3671 1604 3747 dubiorum
1658 3692 2028 3766 meorum,
2079 3693 2213 3745 con
2261 3675 2323 3745 le
2371 3675 2554 3746 dolon·
2599 3676 2798 3762 stille,

457 3790 659 3884 idest,
711 3791 957 3889 guttiS,
1011 3792 1220 3886 quasi
1269 3791 1481 3886 dicat,
1536 3792 1779 3868 verbis
1844 3792 1997 3865 suis
2058 3791 2503 3867 dulcioribus
2555 3793 2793 3866 melle.

452 3910 538 3984 Et
570 3910 814 3985 subdit
866 3931 1304 3985 succursum
1359 3917 1826 4007 expectatum
1861 3911 2055 3985 illius
2090 3912 2162 3984 in
2198 3911 2408 3986 cuius
2446 3918 2798 4006 potestate

454 4032 692 4108 fuerat
757 4034 854 4107 ab
918 4033 1071 4127 ipsa
1139 4033 1487 4128 pueritia,
1553 4033 1834 4108 dicens:
1909 4052 2030 4106 ma
2094 4035 2319 4123 quella
2385 4053 2797 4122 reverenza,

456 4149 657 4245 idest,
711 4153 1116 4228 reverenda
1168 4173 1461 4249 semper
1514 4153 1690 4226 mihi
1740 4152 2061 4247 domina,
2108 4154 2227 4225 che
2274 4155 2331 4224 s’
2357 4154 2675 4226 indonna
2723 4155 2798 4226 di

454 4277 619 4345 mtto
669 4292 801 4362 me,
854 4272 1055 4368 idest,
1108 4295 1278 4368 quae
1328 4274 1409 4347 fit
1459 4274 1532 4347 in
1584 4279 1821 4348 totum
1891 4274 2187 4349 domina
2256 4274 2427 4368 mei,
2479 4274 2654 4369 quia
2702 4273 2796 4347 ab

452 4391 653 4466 initio
704 4400 961 4487 captus
1008 4416 1172 4467 sum
1225 4417 1486 4470 amore
1538 4396 1696 4470 eius
1747 4396 2043 4489 quando
2096 4396 2340 4502 adhuc
2393 4396 2798 4473 vocabatur

572 4580 628 4643 (¹)
662 4580 723 4631 E.
757 4580 1212 4644 snper-illuminans
1244 4585 1437 4635 animas
1469 4585 1658 4644 mutas,
1691 4584 1939 4635 olm-itate.

575 4655 632 4719 (¹)
665 4658 728 4709 E.
757 4658 822 4708 ad
855 4671 1010 4709 sunm
1044 4660 1347 4723 tripudium.
