3734 5567
865 475 1002 541 192
1578 483 1987 539 COMENTUM
2036 482 2477 537 PURGATonn

856 632 1046 706 bene
1094 651 1226 726 per
1273 627 1711 723 distantiam,
1765 629 2026 721 quand’
2051 629 2123 700 io
2171 627 2321 699 ebbi
2387 628 2489 698 tal
2539 633 2751 718 posta
2802 629 3001 701 dalla
3050 631 3194 701 mia

853 754 1042 842 m‘va,
1094 749 1386 842 scilicet,
1438 747 1726 821 sinistra
1777 767 1911 842 per
1961 767 2186 840 quam
2241 745 2462 839 ibam,
2514 748 2633 818 che
2681 749 2833 819 solo
2887 749 2944 819 il
2990 749 3199 839 fiume

856 874 953 944 mi
994 875 1202 965 facea
1251 872 1572 959 distante,
1623 869 1717 941 ab
1772 868 1907 941 illis
1957 866 2437 941 venientibus
2477 866 2650 939 Vult
2698 865 2965 961 dicere,
3003 868 3202 961 quod

854 1012 1028 1065 cum
1080 991 1234 1084 ipse
1282 989 1425 1064 iret
1476 989 1706 1081 tarde,
1756 995 1832 1062 et
1883 986 2319 1062 candelabra
2385 985 2721 1061 venirent
2778 987 2853 1060 in
2911 988 3200 1082 opposi-

856 1118 1015 1184 tum
1070 1110 1349 1184 tardius
1383 1129 1497 1203 e0,
1536 1108 1828 1182 tandem
1867 1108 2102 1181 sactus
2151 1107 2250 1180 ita
2302 1105 2754 1201 propinquus
2797 1106 2957 1202 illis,
3000 1106 3197 1200 quod

858 1232 1031 1305 nihil
1082 1237 1241 1305 erat
1295 1230 1617 1304 medium
1657 1228 1789 1301 nisi
1827 1228 2126 1323 flumen,
2180 1226 2499 1300 firmavit
2543 1233 2842 1302 se.—E
2872 1230 3031 1301 vidi.
3072 1226 3201 1301 Hic

857 1357 1073 1447 poeta
1123 1350 1435 1425 ostendit
1470 1349 1644 1443 quid
1688 1347 1948 1423 viderit
1988 1347 2225 1422 sactus
2275 1348 2377 1423 sic
2427 1348 2851 1444 dispositus;
2887 1356 2961 1423 et
3008 1347 3198 1441 dicit,

859 1472 1057 1565 quod
1110 1470 1282 1544 vidit
1333 1467 1741 1542 mirabilem
1795 1467 2298 1562 operationem
2364 1467 2660 1541 illorum
2722 1469 3208 1562 candelaer

860 1611 1054 1683 rum,
1084 1611 1250 1684 quae
1278 1588 1350 1663 in
1378 1588 1685 1662 transitu
1715 1608 1852 1661 suo
1882 1594 2115 1660 totum
2153 1606 2405 1660 aerem
2438 1588 2947 1682 relinquebant
2979 1588 3199 1662 ador-

859 1716 1111 1783 natum
1169 1709 1390 1782 variis
1440 1707 1830 1782 coloribus·
1884 1707 2090 1780 Unde
2140 1706 2346 1780 dicit:
2393 1712 2459 1779 Ε
2503 1710 2646 1781 vidi
2698 1712 2761 1782 le
2802 1711 3196 1801 flammeae,

856 1828 1061 1921 idest,
1097 1826 1534 1902 candelabra
1571 1826 2044 1920 flammantia,
2080 1830 2321 1899 undar
2355 1829 2683 1919 clavante,
2719 1827 2924 1923 idest,
2960 1836 3200 1903 trans-

858 1949 967 2023 ire
1026 1955 1197 2023 ante
1265 1967 1384 2022 me
1449 1954 1521 2021 et
1572 1948 1765 2020 ultra
1819 1967 1963 2041 me,
2017 1947 2189 2040 quia
2249 1967 2389 2043 ego
2448 1949 2755 2042 stabam,
2810 1955 2884 2022 et
2933 1946 3200 2024 cande-

857 2069 1060 2143 labra
1114 2067 1461 2143 continuo
1513 2066 1736 2159 ibant,
1786 2068 2150 2140 lasciando
2187 2069 2412 2141 diecro
2462 2090 2510 2140 a
2557 2089 2631 2141 se
2680 2071 2725 2140 F
2745 2089 2874 2142 aer
2907 2071 3199 2161 dipinto,

855 2188 1150 2280 scilicet,
1202 2193 1481 2281 septem
1533 2185 1784 2260 caudis
1835 2186 2377 2279 splendentibus
2410 2187 2483 2261 in
2518 2189 2820 2262 modum
2874 2194 3201 2264 cometa-

859 2330 1030 2381 rum
1066 2307 1626 2403 procedentibus
1677 2327 1720 2380 a
1770 2307 1958 2380 coelo
2007 2327 2053 2380 a
2096 2307 2363 2403 Spiritu
2401 2316 2689 2404 sanct03
2727 2316 2800 2384 et
2835 2309 3198 2405 specificat

857 2429 1170 2502 sormam
1224 2446 1511 2520 eorum,
1561 2424 1844 2500 dicens:
1889 2448 1928 2499 e
1976 2447 2180 2518 avea,
2215 2427 2335 2502 ille
2374 2448 2504 2503 aer
2538 2429 2794 2523 pictuS,
2828 2430 3202 2504 sembiante

856 2550 932 2621 di
951 2550 1260 2641 pennelli
1292 2549 1509 2636 tratti,
1545 2567 1590 2620 a
1617 2545 2037 2641 pictoribus.
2079 2547 2166 2620 Et
2198 2567 2371 2622 ecce
2405 2549 2818 2641 quomodo:
2854 2542 2916 2621 εὶ
2946 2552 3198 2639 olc’elli,

856 2667 1148 2761 scilieet,
1199 2688 1352 2760 aer,
1421 2668 1743 2738 rimanea
1794 2668 2073 2739 dislinlo
2130 2687 2375 2759 sopra,
2445 2688 2682 2762 usque
2741 2668 2830 2742 ad
2901 2669 3199 2762 eoelum,

855 2790 930 2860 di
975 2795 1135 2860 selle
1187 2789 1358 2876 lisce,
1410 2786 1613 2879 idest,
1667 2785 1892 2859 lineis
1945 2785 2190 2860 Lineae
2252 2785 2410 2859 istae
2473 2794 2645 2860 sunt
2694 2785 2878 2861 radii
2927 2787 3201 2883 gratia-

855 2929 1025 2981 rum
1091 2908 1398 3003 Spiritus
1462 2907 1687 2980 sancti
1752 2912 2196 2981 exornantes
2258 2907 2811 2983 universitatem
2873 2907 3197 2983 ecclesiae

854 3027 1215 3101 nobilibus
1265 3024 1655 3119 coloribus,
1704 3025 1959 3119 quales
2011 3033 2182 3099 suut
2231 3026 2329 3100 illi
2384 3048 2571 3121 quos
2605 3028 2773 3102 facit
2807 3030 2912 3102 sol
2953 3027 3026 3101 in
3060 3048 3196 3101 suo

852 3166 1058 3238 arcu,
1110 3152 1184 3219 et
1244 3147 1417 3220 luna
1481 3146 1555 3219 in
1615 3166 1753 3219 suo
1817 3146 2132 3240 circulo;
2195 3148 2391 3221 uude
2449 3148 2652 3222 dicit:
2708 3156 2892 3240 tutte,
2951 3141 3194 3240 illae(⁴)

852 3265 1056 3358 listae,
1096 3268 1171 3339 in
1223 3268 1379 3357 quei
1424 3267 1671 3356 colori,
1716 3265 1978 3338 talibus
2028 3272 2101 3339 et
2154 3273 2304 3339 tam
2345 3268 2586 3362 variiS,
2621 3272 2825 3360 onde,
2865 3269 3068 3364 idest,
3105 3289 3193 3343 ex

860 3385 1129 3479 quibus
1180 3383 1573 3477 coloribus,
1613 3386 1670 3456 il
1695 3386 1807 3456 sol
1830 3387 1916 3477 fa
1949 3387 1993 3458 l'
2021 3406 2222 3477 arco,
2257 3387 2551 3482 scilicet,
2604 3387 2887 3483 iridem,
2921 3387 3015 3463 de
3049 3408 3197 3483 quo

857 3503 1132 3577 dictum
1171 3511 1282 3577 est
1315 3525 1560 3598 supra,
1597 3504 1916 3599 capitulo
1953 3504 2148 3578 XXV
2183 3507 2621 3604 Purgatorii,
2657 3530 2695 3581 e
2726 3513 2956 3599 Delia,
2993 3510 3195 3602 idest,

851 3624 1028 3697 luna
1081 3624 1183 3698 sic
1230 3623 1420 3699 dicta
1472 3645 1517 3698 a
1568 3625 1748 3699 Delo
1814 3625 2074 3719 insula,
2127 3630 2182 3699 il
2226 3629 2435 3719 σιήεο,
2487 3627 2691 3723 idest,
2735 3628 2904 3703 facit
2954 3630 3198 3704 circu-

850 3744 1007 3816 lum
1059 3745 1254 3818 circa
1305 3765 1386 3820 se
1435 3765 1568 3840 per
1621 3743 1983 3820 modicam
2036 3746 2476 3841 distantiam,
2518 3748 2644 3841 qui
2693 3748 3012 3822 circulus
3063 3769 3197 3823 vo-

852 3872 1066 3940 catur
1105 3866 1273 3940 halo
1299 3866 1392 3940 de
1429 3887 1579 3961 quo
1619 3864 1905 3940 dicetur
1929 3865 2248 3939 Paradisi
2280 3867 2596 3962 capitulo
2624 3869 2673 3941 Ι.
2710 3869 2800 3941 Et
2836 3869 2952 3943 bic
2992 3875 3195 3964 potae

850 3987 1306 4082 perpendere
1333 3986 1531 4080 quod
1559 3985 1850 4081 proprie
1878 3991 2088 4080 poeta
2121 3986 2471 4060 assimilat
2498 3986 2632 4060 ista
2658 3993 2940 4083 septem
2967 3989 3195 4063 linea-

852 4112 1098 4181 menta
1148 4107 1438 4181 duobus
1491 4106 1774 4202 magnis
1825 4105 2311 4179 luminaribus
2371 4107 2555 4201 ooeli,
2608 4106 2881 4182 scilicet
2938 4109 3071 4182 soli
3123 4116 3197 4182 et

849 4230 1070 4321 lunae,
1121 4227 1272 4301 imo
1322 4233 1609 4321 poterat
1658 4225 2062 4301 assimilare
2110 4233 2390 4323 septem
2447 4229 2769 4323 planetis.
2818 4229 2906 4301 Et
2956 4228 3197 4302 subdit

852 4347 1353 4424 excellentiam
1395 4348 1701 4421 istorum
1742 4347 2384 4445 lineamentorum,
2419 4348 2701 4424 diceus:
2744 4352 2962 4441 questi
3008 4356 3192 4423 sten-

973 4608 1025 4669 (¹)
1060 4606 1122 4655 E.
1155 4605 1350 4657 scilieet
1382 4605 1504 4657 illae.
