<?xml version="1.0" encoding="UTF-8"?>
<!DOCTYPE html PUBLIC "-//W3C//DTD XHTML 1.0 Transitional//EN"
    "http://www.w3.org/TR/xhtml1/DTD/xhtml1-transitional.dtd">
<html xmlns="http://www.w3.org/1999/xhtml" xml:lang="en" lang="en">
 <head>
  <title>
</title>
<meta http-equiv="Content-Type" content="text/html;charset=utf-8" />
  <meta name='ocr-system' content='tesseract 3.04.00' />
  <meta name='ocr-capabilities' content='ocr_page ocr_carea ocr_par ocr_line ocrx_word'/>
</head>
<body>
  <div class='ocr_page' id='page_1' title='image "benevenutideram02lacagoog_0051.png"; bbox 0 0 3734 5567; ppageno 0'>
   <div class='ocr_carea' id='block_1_1' title="bbox 1142 480 2881 578">
    <p class='ocr_par' dir='ltr' id='par_1_1' title="bbox 1142 480 2881 578">
     <span class='ocr_line' id='line_1_1' title="bbox 1142 480 2881 578; baseline 0.005 -41"><span class='ocrx_word' id='word_1_1' title='bbox 1142 483 1420 540; x_wconf 71' lang='lat' dir='ltr'>emus</span> <span class='ocrx_word' id='word_1_2' title='bbox 1470 486 1854 542; x_wconf 74' lang='lat' dir='ltr'>wensmus</span> <span class='ocrx_word' id='word_1_3' title='bbox 1905 486 2293 543; x_wconf 77' lang='lat' dir='ltr'><strong>SECUNDUS,</strong></span> <span class='ocrx_word' id='word_1_4' title='bbox 2763 480 2881 578; x_wconf 62' lang='lat'>&#39;4¹</span> 
     </span>
    </p>
   </div>
   <div class='ocr_carea' id='block_1_2' title="bbox 538 629 2887 1094">
    <p class='ocr_par' dir='ltr' id='par_1_2' title="bbox 538 629 2887 1094">
     <span class='ocr_line' id='line_1_2' title="bbox 542 629 2887 730; baseline 0.001 -26"><span class='ocrx_word' id='word_1_5' title='bbox 542 631 688 704; x_wconf 85' lang='lat' dir='ltr'>vita</span> <span class='ocrx_word' id='word_1_6' title='bbox 723 635 997 704; x_wconf 87' lang='lat' dir='ltr'>attente</span> <span class='ocrx_word' id='word_1_7' title='bbox 1030 629 1469 704; x_wconf 81' lang='lat' dir='ltr'>auscultavit</span> <span class='ocrx_word' id='word_1_8' title='bbox 1503 637 1577 704; x_wconf 92' lang='lat' dir='ltr'>et</span> <span class='ocrx_word' id='word_1_9' title='bbox 1610 631 2010 706; x_wconf 82' lang='lat' dir='ltr'><strong>ruminavit</strong></span> <span class='ocrx_word' id='word_1_10' title='bbox 2042 632 2231 707; x_wconf 87' lang='lat' dir='ltr'>dicta</span> <span class='ocrx_word' id='word_1_11' title='bbox 2260 633 2534 730; x_wconf 81' lang='lat' dir='ltr'>Virgilii</span> <span class='ocrx_word' id='word_1_12' title='bbox 2561 641 2636 709; x_wconf 92' lang='lat' dir='ltr'>et</span> <span class='ocrx_word' id='word_1_13' title='bbox 2660 634 2887 729; x_wconf 87' lang='lat' dir='ltr'>Statii,</span> 
     </span>
     <span class='ocr_line' id='line_1_3' title="bbox 542 750 2887 850; baseline 0.003 -25"><span class='ocrx_word' id='word_1_14' title='bbox 542 758 617 826; x_wconf 91' lang='lat' dir='ltr'>et</span> <span class='ocrx_word' id='word_1_15' title='bbox 664 751 898 824; x_wconf 89' lang='lat' dir='ltr'>multa</span> <span class='ocrx_word' id='word_1_16' title='bbox 950 750 1193 825; x_wconf 84' lang='lat' dir='ltr'>didicit</span> <span class='ocrx_word' id='word_1_17' title='bbox 1255 757 1552 846; x_wconf 88' lang='lat' dir='ltr'>poetare</span> <span class='ocrx_word' id='word_1_18' title='bbox 1611 753 1707 827; x_wconf 92' lang='lat' dir='ltr'>ab</span> <span class='ocrx_word' id='word_1_19' title='bbox 1746 760 2092 849; x_wconf 81' lang='lat' dir='ltr'>utroque</span> <span class='ocrx_word' id='word_1_20' title='bbox 2151 775 2452 850; x_wconf 84' lang='lat' dir='ltr'>eorum3</span> <span class='ocrx_word' id='word_1_21' title='bbox 2517 757 2680 832; x_wconf 92' lang='lat' dir='ltr'>ideo</span> <span class='ocrx_word' id='word_1_22' title='bbox 2740 779 2887 832; x_wconf 92' lang='lat' dir='ltr'>non</span> 
     </span>
     <span class='ocr_line' id='line_1_4' title="bbox 538 871 2887 969; baseline 0.003 -24"><span class='ocrx_word' id='word_1_23' title='bbox 538 872 870 969; x_wconf 90' lang='lat' dir='ltr'>ingratus</span> <span class='ocrx_word' id='word_1_24' title='bbox 921 871 1154 945; x_wconf 87' lang='lat' dir='ltr'>reddit</span> <span class='ocrx_word' id='word_1_25' title='bbox 1204 872 1309 946; x_wconf 91' lang='lat' dir='ltr'>eis</span> <span class='ocrx_word' id='word_1_26' title='bbox 1358 871 1688 947; x_wconf 91' lang='lat' dir='ltr'>debitum</span> <span class='ocrx_word' id='word_1_27' title='bbox 1741 874 2122 949; x_wconf 90' lang='lat' dir='ltr'>bonorem.</span> <span class='ocrx_word' id='word_1_28' title='bbox 2153 880 2401 950; x_wconf 82' lang='grc' dir='ltr'>-Μα</span> <span class='ocrx_word' id='word_1_29' title='bbox 2444 883 2639 950; x_wconf 76' lang='lat' dir='ltr'>tosto,</span> <span class='ocrx_word' id='word_1_30' title='bbox 2675 876 2887 951; x_wconf 90' lang='lat' dir='ltr'>Nunc</span> 
     </span>
     <span class='ocr_line' id='line_1_5' title="bbox 540 992 2880 1094; baseline 0.003 -28"><span class='ocrx_word' id='word_1_31' title='bbox 540 998 751 1088; x_wconf 90' lang='lat' dir='ltr'>poeta</span> <span class='ocrx_word' id='word_1_32' title='bbox 785 992 1126 1067; x_wconf 83' lang='lat' dir='ltr'>describit</span> <span class='ocrx_word' id='word_1_33' title='bbox 1159 993 1580 1089; x_wconf 79' lang='lat' dir='ltr'><strong>generalem</strong></span> <span class='ocrx_word' id='word_1_34' title='bbox 1619 1014 1916 1089; x_wconf 85' lang='lat' dir='ltr'>poenam</span> <span class='ocrx_word' id='word_1_35' title='bbox 1953 1015 2100 1089; x_wconf 89' lang='lat' dir='ltr'>qua</span> <span class='ocrx_word' id='word_1_36' title='bbox 2134 995 2250 1068; x_wconf 89' lang='lat' dir='ltr'>bic</span> <span class='ocrx_word' id='word_1_37' title='bbox 2289 1007 2703 1093; x_wconf 90' lang='lat' dir='ltr'>purgantur</span> <span class='ocrx_word' id='word_1_38' title='bbox 2737 1020 2880 1094; x_wconf 92' lang='lat' dir='ltr'>gu-</span> 
     </span>
    </p>
   </div>
   <div class='ocr_carea' id='block_1_3' title="bbox 541 1107 3036 1212">
    <p class='ocr_par' dir='ltr' id='par_1_3' title="bbox 541 1107 3036 1212">
     <span class='ocr_line' id='line_1_6' title="bbox 541 1107 3036 1212; baseline 0.003 -27"><span class='ocrx_word' id='word_1_39' title='bbox 541 1112 692 1187; x_wconf 91' lang='lat' dir='ltr'>losi.</span> <span class='ocrx_word' id='word_1_40' title='bbox 744 1111 849 1185; x_wconf 87' lang='lat' dir='ltr'>Ad</span> <span class='ocrx_word' id='word_1_41' title='bbox 900 1112 1113 1186; x_wconf 87' lang='lat' dir='ltr'>cuius</span> <span class='ocrx_word' id='word_1_42' title='bbox 1164 1133 1399 1208; x_wconf 80' lang='lat' dir='ltr'>poenae</span> <span class='ocrx_word' id='word_1_43' title='bbox 1429 1107 1502 1204; x_wconf 80' lang='lat'>(¹)</span> <span class='ocrx_word' id='word_1_44' title='bbox 1559 1112 2110 1209; x_wconf 80' lang='lat' dir='ltr'>intelligentiam</span> <span class='ocrx_word' id='word_1_45' title='bbox 2161 1121 2272 1188; x_wconf 90' lang='lat' dir='ltr'>est</span> <span class='ocrx_word' id='word_1_46' title='bbox 2336 1115 2454 1189; x_wconf 90' lang='lat' dir='ltr'>bic</span> <span class='ocrx_word' id='word_1_47' title='bbox 2513 1117 2884 1212; x_wconf 90' lang='lat' dir='ltr'>perspica-</span> <span class='ocrx_word' id='word_1_48' title='bbox 3033 1113 3036 1116; x_wconf 77' lang='grc'><strong>’</strong></span> 
     </span>
    </p>
   </div>
   <div class='ocr_carea' id='block_1_4' title="bbox 521 1232 2882 4450">
    <p class='ocr_par' dir='ltr' id='par_1_4' title="bbox 521 1232 2882 4450">
     <span class='ocr_line' id='line_1_7' title="bbox 540 1232 2880 1327; baseline 0.002 -21"><span class='ocrx_word' id='word_1_49' title='bbox 540 1232 717 1307; x_wconf 88' lang='lat' dir='ltr'>citer</span> <span class='ocrx_word' id='word_1_50' title='bbox 768 1233 1224 1325; x_wconf 84' lang='lat' dir='ltr'>intuendum,</span> <span class='ocrx_word' id='word_1_51' title='bbox 1263 1233 1460 1327; x_wconf 90' lang='lat' dir='ltr'>quod</span> <span class='ocrx_word' id='word_1_52' title='bbox 1500 1242 1720 1308; x_wconf 90' lang='lat' dir='ltr'>autor</span> <span class='ocrx_word' id='word_1_53' title='bbox 1771 1241 2022 1308; x_wconf 92' lang='lat' dir='ltr'>noster</span> <span class='ocrx_word' id='word_1_54' title='bbox 2073 1234 2241 1308; x_wconf 83' lang='lat' dir='ltr'>facit</span> <span class='ocrx_word' id='word_1_55' title='bbox 2282 1235 2649 1311; x_wconf 88' lang='lat' dir='ltr'>fictionem</span> <span class='ocrx_word' id='word_1_56' title='bbox 2704 1257 2880 1312; x_wconf 90' lang='lat' dir='ltr'>cum</span> 
     </span>
     <span class='ocr_line' id='line_1_8' title="bbox 542 1352 2879 1452; baseline 0.003 -28"><span class='ocrx_word' id='word_1_57' title='bbox 542 1372 807 1448; x_wconf 88' lang='lat' dir='ltr'>magna</span> <span class='ocrx_word' id='word_1_58' title='bbox 863 1358 1024 1426; x_wconf 92' lang='lat' dir='ltr'>arte</span> <span class='ocrx_word' id='word_1_59' title='bbox 1082 1352 1338 1427; x_wconf 89' lang='lat' dir='ltr'>utilem</span> <span class='ocrx_word' id='word_1_60' title='bbox 1399 1359 1473 1428; x_wconf 93' lang='lat' dir='ltr'>et</span> <span class='ocrx_word' id='word_1_61' title='bbox 1533 1353 2060 1429; x_wconf 87' lang='lat' dir='ltr'>delectabilem.</span> <span class='ocrx_word' id='word_1_62' title='bbox 2122 1353 2360 1450; x_wconf 80' lang='lat' dir='ltr'>Fingit</span> <span class='ocrx_word' id='word_1_63' title='bbox 2419 1356 2615 1430; x_wconf 92' lang='lat' dir='ltr'>enim</span> <span class='ocrx_word' id='word_1_64' title='bbox 2682 1358 2879 1452; x_wconf 91' lang='lat' dir='ltr'>quod</span> 
     </span>
     <span class='ocr_line' id='line_1_9' title="bbox 540 1472 2881 1568; baseline 0.002 -22"><span class='ocrx_word' id='word_1_65' title='bbox 540 1472 808 1568; x_wconf 87' lang='lat' dir='ltr'>reperit</span> <span class='ocrx_word' id='word_1_66' title='bbox 857 1472 933 1545; x_wconf 92' lang='lat' dir='ltr'>in</span> <span class='ocrx_word' id='word_1_67' title='bbox 985 1472 1225 1547; x_wconf 89' lang='lat' dir='ltr'>medio</span> <span class='ocrx_word' id='word_1_68' title='bbox 1278 1472 1414 1547; x_wconf 84' lang='lat' dir='ltr'>viae</span> <span class='ocrx_word' id='word_1_69' title='bbox 1465 1494 1692 1547; x_wconf 90' lang='lat' dir='ltr'>unam</span> <span class='ocrx_word' id='word_1_70' title='bbox 1754 1474 2100 1548; x_wconf 83' lang='lat' dir='ltr'>arborem</span> <span class='ocrx_word' id='word_1_71' title='bbox 2168 1476 2532 1550; x_wconf 84' lang='lat' dir='ltr'>excelsam</span> <span class='ocrx_word' id='word_1_72' title='bbox 2600 1477 2881 1552; x_wconf 90' lang='lat' dir='ltr'>baben-</span> 
     </span>
     <span class='ocr_line' id='line_1_10' title="bbox 539 1593 2882 1688; baseline 0.002 -21"><span class='ocrx_word' id='word_1_73' title='bbox 539 1598 685 1667; x_wconf 90' lang='lat' dir='ltr'>tem</span> <span class='ocrx_word' id='word_1_74' title='bbox 738 1613 958 1688; x_wconf 91' lang='lat' dir='ltr'>poma</span> <span class='ocrx_word' id='word_1_75' title='bbox 1021 1593 1297 1688; x_wconf 85' lang='lat' dir='ltr'>pulcra,</span> <span class='ocrx_word' id='word_1_76' title='bbox 1369 1594 1648 1687; x_wconf 86' lang='lat' dir='ltr'>suavia,</span> <span class='ocrx_word' id='word_1_77' title='bbox 1700 1593 2091 1688; x_wconf 72' lang='lat' dir='ltr'>odoritera,</span> <span class='ocrx_word' id='word_1_78' title='bbox 2143 1594 2354 1669; x_wconf 90' lang='lat' dir='ltr'>cuius</span> <span class='ocrx_word' id='word_1_79' title='bbox 2418 1596 2656 1671; x_wconf 85' lang='lat' dir='ltr'>forma</span> <span class='ocrx_word' id='word_1_80' title='bbox 2718 1605 2882 1672; x_wconf 92' lang='lat' dir='ltr'>erat</span> 
     </span>
     <span class='ocr_line' id='line_1_11' title="bbox 534 1712 2881 1813; baseline 0.001 -27"><span class='ocrx_word' id='word_1_81' title='bbox 534 1712 900 1787; x_wconf 84' lang='lat' dir='ltr'>contraria</span> <span class='ocrx_word' id='word_1_82' title='bbox 952 1713 1215 1790; x_wconf 88' lang='lat' dir='ltr'>nostris</span> <span class='ocrx_word' id='word_1_83' title='bbox 1264 1713 1674 1787; x_wconf 91' lang='lat' dir='ltr'>arboribus.</span> <span class='ocrx_word' id='word_1_84' title='bbox 1722 1714 1957 1809; x_wconf 90' lang='lat' dir='ltr'>Stipes</span> <span class='ocrx_word' id='word_1_85' title='bbox 1998 1714 2195 1788; x_wconf 92' lang='lat' dir='ltr'>enim</span> <span class='ocrx_word' id='word_1_86' title='bbox 2248 1715 2406 1789; x_wconf 92' lang='lat' dir='ltr'>eius</span> <span class='ocrx_word' id='word_1_87' title='bbox 2457 1722 2619 1791; x_wconf 91' lang='lat' dir='ltr'>erat</span> <span class='ocrx_word' id='word_1_88' title='bbox 2667 1737 2881 1813; x_wconf 91' lang='lat' dir='ltr'>gros-</span> 
     </span>
     <span class='ocr_line' id='line_1_12' title="bbox 535 1832 2879 1929; baseline 0.001 -23"><span class='ocrx_word' id='word_1_89' title='bbox 535 1853 659 1906; x_wconf 91' lang='lat' dir='ltr'>sus</span> <span class='ocrx_word' id='word_1_90' title='bbox 708 1832 1025 1928; x_wconf 89' lang='lat' dir='ltr'>desuper</span> <span class='ocrx_word' id='word_1_91' title='bbox 1077 1833 1204 1907; x_wconf 91' lang='lat' dir='ltr'>ubi</span> <span class='ocrx_word' id='word_1_92' title='bbox 1254 1833 1439 1908; x_wconf 91' lang='lat' dir='ltr'>solet</span> <span class='ocrx_word' id='word_1_93' title='bbox 1473 1853 1634 1908; x_wconf 88' lang='lat' dir='ltr'>esse</span> <span class='ocrx_word' id='word_1_94' title='bbox 1667 1854 1881 1929; x_wconf 85' lang='lat' dir='ltr'>apex,</span> <span class='ocrx_word' id='word_1_95' title='bbox 1916 1839 1991 1908; x_wconf 92' lang='lat' dir='ltr'>et</span> <span class='ocrx_word' id='word_1_96' title='bbox 2024 1854 2157 1929; x_wconf 87' lang='lat' dir='ltr'>per</span> <span class='ocrx_word' id='word_1_97' title='bbox 2192 1854 2649 1928; x_wconf 88' lang='lat' dir='ltr'>consequens</span> <span class='ocrx_word' id='word_1_98' title='bbox 2691 1836 2879 1909; x_wconf 90' lang='lat' dir='ltr'>rami</span> 
     </span>
     <span class='ocr_line' id='line_1_13' title="bbox 533 1954 2881 2050; baseline 0.001 -24"><span class='ocrx_word' id='word_1_99' title='bbox 533 1954 937 2050; x_wconf 90' lang='lat' dir='ltr'>grossiores</span> <span class='ocrx_word' id='word_1_100' title='bbox 988 1960 1199 2029; x_wconf 92' lang='lat' dir='ltr'>erant</span> <span class='ocrx_word' id='word_1_101' title='bbox 1248 1954 1589 2049; x_wconf 91' lang='lat' dir='ltr'>superius</span> <span class='ocrx_word' id='word_1_102' title='bbox 1641 1954 1767 2028; x_wconf 91' lang='lat' dir='ltr'>ubi</span> <span class='ocrx_word' id='word_1_103' title='bbox 1818 1954 2053 2029; x_wconf 92' lang='lat' dir='ltr'>solent</span> <span class='ocrx_word' id='word_1_104' title='bbox 2104 1974 2264 2028; x_wconf 89' lang='lat' dir='ltr'>esse</span> <span class='ocrx_word' id='word_1_105' title='bbox 2314 1954 2750 2049; x_wconf 74' lang='lat' dir='ltr'>subtiliore5‚</span> <span class='ocrx_word' id='word_1_106' title='bbox 2807 1962 2881 2031; x_wconf 92' lang='lat' dir='ltr'>et</span> 
     </span>
     <span class='ocr_line' id='line_1_14' title="bbox 537 2073 2874 2169; baseline 0.001 -23"><span class='ocrx_word' id='word_1_107' title='bbox 537 2079 748 2146; x_wconf 86' lang='lat' dir='ltr'>erant</span> <span class='ocrx_word' id='word_1_108' title='bbox 798 2073 1113 2148; x_wconf 78' lang='lat' dir='ltr'>revoluti</span> <span class='ocrx_word' id='word_1_109' title='bbox 1161 2073 1536 2168; x_wconf 84' lang='lat' dir='ltr'>deorsum,</span> <span class='ocrx_word' id='word_1_110' title='bbox 1589 2074 1687 2148; x_wconf 89' lang='lat' dir='ltr'>ita</span> <span class='ocrx_word' id='word_1_111' title='bbox 1740 2082 1825 2148; x_wconf 89' lang='lat' dir='ltr'>ut</span> <span class='ocrx_word' id='word_1_112' title='bbox 1882 2092 2103 2148; x_wconf 93' lang='lat' dir='ltr'>nemo</span> <span class='ocrx_word' id='word_1_113' title='bbox 2165 2073 2562 2148; x_wconf 90' lang='lat' dir='ltr'>ascendere</span> <span class='ocrx_word' id='word_1_114' title='bbox 2612 2081 2874 2169; x_wconf 90' lang='lat' dir='ltr'>posset.</span> 
     </span>
     <span class='ocr_line' id='line_1_15' title="bbox 535 2194 2875 2291; baseline 0.002 -24"><span class='ocrx_word' id='word_1_115' title='bbox 535 2196 621 2269; x_wconf 90' lang='lat' dir='ltr'>Et</span> <span class='ocrx_word' id='word_1_116' title='bbox 671 2218 717 2270; x_wconf 89' lang='lat' dir='ltr'>a</span> <span class='ocrx_word' id='word_1_117' title='bbox 766 2196 1004 2270; x_wconf 91' lang='lat' dir='ltr'>latere</span> <span class='ocrx_word' id='word_1_118' title='bbox 1052 2196 1316 2269; x_wconf 92' lang='lat' dir='ltr'>montis</span> <span class='ocrx_word' id='word_1_119' title='bbox 1350 2196 1623 2270; x_wconf 89' lang='lat' dir='ltr'>fluebat</span> <span class='ocrx_word' id='word_1_120' title='bbox 1655 2217 1851 2289; x_wconf 89' lang='lat' dir='ltr'>aqua</span> <span class='ocrx_word' id='word_1_121' title='bbox 1886 2195 2086 2289; x_wconf 84' lang='lat' dir='ltr'>levis,</span> <span class='ocrx_word' id='word_1_122' title='bbox 2122 2194 2430 2290; x_wconf 85' lang='lat' dir='ltr'>sincera,</span> <span class='ocrx_word' id='word_1_123' title='bbox 2468 2195 2875 2291; x_wconf 87' lang='lat' dir='ltr'>perspicua,</span> 
     </span>
     <span class='ocr_line' id='line_1_16' title="bbox 536 2315 2873 2410; baseline 0 -21"><span class='ocrx_word' id='word_1_124' title='bbox 536 2336 702 2410; x_wconf 84' lang='lat' dir='ltr'>quae</span> <span class='ocrx_word' id='word_1_125' title='bbox 754 2315 1062 2389; x_wconf 82' lang='lat' dir='ltr'>faciebat</span> <span class='ocrx_word' id='word_1_126' title='bbox 1112 2316 1564 2390; x_wconf 89' lang='lat' dir='ltr'>contrarium</span> <span class='ocrx_word' id='word_1_127' title='bbox 1618 2322 2043 2390; x_wconf 90' lang='lat' dir='ltr'>nostrarum</span> <span class='ocrx_word' id='word_1_128' title='bbox 2078 2319 2484 2410; x_wconf 81' lang='lat' dir='ltr'>aquaru&#39;m3</span> <span class='ocrx_word' id='word_1_129' title='bbox 2529 2317 2698 2410; x_wconf 89' lang='lat' dir='ltr'>quia</span> <span class='ocrx_word' id='word_1_130' title='bbox 2747 2316 2873 2390; x_wconf 89' lang='lat' dir='ltr'>ubi</span> 
     </span>
     <span class='ocr_line' id='line_1_17' title="bbox 532 2436 2878 2531; baseline 0 -21"><span class='ocrx_word' id='word_1_131' title='bbox 532 2443 799 2511; x_wconf 83' lang='lat' dir='ltr'>nostrae</span> <span class='ocrx_word' id='word_1_132' title='bbox 832 2457 1046 2530; x_wconf 83' lang='lat' dir='ltr'>aquae</span> <span class='ocrx_word' id='word_1_133' title='bbox 1080 2436 1421 2510; x_wconf 90' lang='lat' dir='ltr'>balneant</span> <span class='ocrx_word' id='word_1_134' title='bbox 1451 2443 1723 2510; x_wconf 88' lang='lat' dir='ltr'>terram</span> <span class='ocrx_word' id='word_1_135' title='bbox 1760 2436 1853 2511; x_wconf 94' lang='lat' dir='ltr'>ad</span> <span class='ocrx_word' id='word_1_136' title='bbox 1888 2437 2107 2531; x_wconf 88' lang='lat' dir='ltr'>pedes</span> <span class='ocrx_word' id='word_1_137' title='bbox 2136 2436 2444 2530; x_wconf 85' lang='lat' dir='ltr'>arboris,</span> <span class='ocrx_word' id='word_1_138' title='bbox 2474 2436 2593 2511; x_wconf 91' lang='lat' dir='ltr'>illa</span> <span class='ocrx_word' id='word_1_139' title='bbox 2618 2457 2878 2512; x_wconf 88' lang='lat' dir='ltr'>ascen-</span> 
     </span>
     <span class='ocr_line' id='line_1_18' title="bbox 532 2556 2875 2652; baseline -0 -22"><span class='ocrx_word' id='word_1_140' title='bbox 532 2556 749 2631; x_wconf 88' lang='lat' dir='ltr'>debat</span> <span class='ocrx_word' id='word_1_141' title='bbox 796 2576 929 2651; x_wconf 92' lang='lat' dir='ltr'>per</span> <span class='ocrx_word' id='word_1_142' title='bbox 978 2556 1145 2629; x_wconf 84' lang='lat' dir='ltr'>folia</span> <span class='ocrx_word' id='word_1_143' title='bbox 1198 2556 1434 2650; x_wconf 83' lang='lat' dir='ltr'>pomi3</span> <span class='ocrx_word' id='word_1_144' title='bbox 1487 2557 1721 2652; x_wconf 92' lang='lat' dir='ltr'>gulosi</span> <span class='ocrx_word' id='word_1_145' title='bbox 1773 2562 2025 2630; x_wconf 89' lang='lat' dir='ltr'>autem</span> <span class='ocrx_word' id='word_1_146' title='bbox 2064 2562 2257 2630; x_wconf 81' lang='lat' dir='ltr'>stant</span> <span class='ocrx_word' id='word_1_147' title='bbox 2306 2556 2445 2630; x_wconf 92' lang='lat' dir='ltr'>sub</span> <span class='ocrx_word' id='word_1_148' title='bbox 2496 2556 2765 2630; x_wconf 90' lang='lat' dir='ltr'>arbore</span> <span class='ocrx_word' id='word_1_149' title='bbox 2801 2563 2875 2631; x_wconf 94' lang='lat' dir='ltr'>et</span> 
     </span>
     <span class='ocr_line' id='line_1_19' title="bbox 536 2659 2875 2770; baseline 0 -22"><span class='ocrx_word' id='word_1_150' title='bbox 536 2676 996 2770; x_wconf 90' lang='lat' dir='ltr'>respicientes</span> <span class='ocrx_word' id='word_1_151' title='bbox 1064 2659 1411 2750; x_wconf 88' lang='lat' dir='ltr'>continuo</span> <span class='ocrx_word' id='word_1_152' title='bbox 1477 2675 1802 2749; x_wconf 84' lang='lat' dir='ltr'>fructum</span> <span class='ocrx_word' id='word_1_153' title='bbox 1865 2675 2159 2749; x_wconf 92' lang='lat' dir='ltr'>dulcem</span> <span class='ocrx_word' id='word_1_154' title='bbox 2229 2675 2731 2751; x_wconf 90' lang='lat' dir='ltr'>delectabilem</span> <span class='ocrx_word' id='word_1_155' title='bbox 2801 2682 2875 2749; x_wconf 94' lang='lat' dir='ltr'>et</span> 
     </span>
     <span class='ocr_line' id='line_1_20' title="bbox 529 2794 2872 2890; baseline -0 -21"><span class='ocrx_word' id='word_1_156' title='bbox 529 2816 827 2890; x_wconf 87' lang='lat' dir='ltr'>aquam,</span> <span class='ocrx_word' id='word_1_157' title='bbox 879 2796 1302 2869; x_wconf 89' lang='lat' dir='ltr'>afficiuntur</span> <span class='ocrx_word' id='word_1_158' title='bbox 1351 2814 1644 2890; x_wconf 92' lang='lat' dir='ltr'>semper</span> <span class='ocrx_word' id='word_1_159' title='bbox 1686 2794 1883 2869; x_wconf 80' lang='lat' dir='ltr'>fame</span> <span class='ocrx_word' id='word_1_160' title='bbox 1934 2799 2008 2868; x_wconf 94' lang='lat' dir='ltr'>et</span> <span class='ocrx_word' id='word_1_161' title='bbox 2053 2794 2188 2868; x_wconf 88' lang='lat' dir='ltr'>siti.</span> <span class='ocrx_word' id='word_1_162' title='bbox 2226 2795 2436 2867; x_wconf 89' lang='lat' dir='ltr'>Nunc</span> <span class='ocrx_word' id='word_1_163' title='bbox 2474 2794 2566 2867; x_wconf 86' lang='lat' dir='ltr'>ad</span> <span class='ocrx_word' id='word_1_164' title='bbox 2604 2814 2872 2889; x_wconf 88' lang='lat' dir='ltr'>propo-</span> 
     </span>
     <span class='ocr_line' id='line_1_21' title="bbox 529 2914 2872 3010; baseline -0 -21"><span class='ocrx_word' id='word_1_165' title='bbox 529 2916 748 2991; x_wconf 89' lang='lat' dir='ltr'>situm</span> <span class='ocrx_word' id='word_1_166' title='bbox 780 2940 797 2990; x_wconf 76' lang='grc' dir='ltr'>ε</span> <span class='ocrx_word' id='word_1_167' title='bbox 836 2916 953 2990; x_wconf 90' lang='lat' dir='ltr'>bic</span> <span class='ocrx_word' id='word_1_168' title='bbox 985 2922 1096 2990; x_wconf 91' lang='lat' dir='ltr'>est</span> <span class='ocrx_word' id='word_1_169' title='bbox 1114 2915 1855 2990; x_wconf 76' lang='lat' dir='ltr'>convenientissimus</span> <span class='ocrx_word' id='word_1_170' title='bbox 1898 2914 2161 2988; x_wconf 92' lang='lat' dir='ltr'>modus</span> <span class='ocrx_word' id='word_1_171' title='bbox 2196 2914 2559 3010; x_wconf 91' lang='lat' dir='ltr'>purgandi</span> <span class='ocrx_word' id='word_1_172' title='bbox 2609 2915 2872 2988; x_wconf 89' lang='lat' dir='ltr'>vitium</span> 
     </span>
     <span class='ocr_line' id='line_1_22' title="bbox 527 3034 2872 3133; baseline 0.001 -24"><span class='ocrx_word' id='word_1_173' title='bbox 527 3036 950 3133; x_wconf 85' lang='lat' dir='ltr'>gulositatis,</span> <span class='ocrx_word' id='word_1_174' title='bbox 1002 3042 1086 3110; x_wconf 91' lang='lat' dir='ltr'>ut</span> <span class='ocrx_word' id='word_1_175' title='bbox 1134 3035 1404 3110; x_wconf 90' lang='lat' dir='ltr'>scilicet</span> <span class='ocrx_word' id='word_1_176' title='bbox 1452 3034 1757 3131; x_wconf 91' lang='lat' dir='ltr'>gulosus</span> <span class='ocrx_word' id='word_1_177' title='bbox 1801 3034 2053 3110; x_wconf 89' lang='lat' dir='ltr'>videns</span> <span class='ocrx_word' id='word_1_178' title='bbox 2104 3040 2179 3110; x_wconf 92' lang='lat' dir='ltr'>et</span> <span class='ocrx_word' id='word_1_179' title='bbox 2227 3034 2548 3110; x_wconf 88' lang='lat' dir='ltr'>sentiens</span> <span class='ocrx_word' id='word_1_180' title='bbox 2598 3035 2872 3111; x_wconf 90' lang='lat' dir='ltr'>cibaria</span> 
     </span>
     <span class='ocr_line' id='line_1_23' title="bbox 528 3155 2864 3262; baseline 0.001 -33"><span class='ocrx_word' id='word_1_181' title='bbox 528 3157 916 3251; x_wconf 83' lang='lat' dir='ltr'>splendida,</span> <span class='ocrx_word' id='word_1_182' title='bbox 967 3156 1273 3231; x_wconf 85' lang='lat' dir='ltr'>delicata</span> <span class='ocrx_word' id='word_1_183' title='bbox 1323 3163 1398 3231; x_wconf 91' lang='lat' dir='ltr'>et</span> <span class='ocrx_word' id='word_1_184' title='bbox 1447 3156 1701 3240; x_wconf 86' lang='lat' dir='ltr'>suavia</span> <span class='ocrx_word' id='word_1_185' title='bbox 1736 3155 1906 3230; x_wconf 87' lang='lat' dir='ltr'>vina</span> <span class='ocrx_word' id='word_1_186' title='bbox 1951 3177 2102 3230; x_wconf 90' lang='lat' dir='ltr'>non</span> <span class='ocrx_word' id='word_1_187' title='bbox 2145 3161 2397 3262; x_wconf 84' lang='lat' dir='ltr'>tangat</span> <span class='ocrx_word' id='word_1_188' title='bbox 2432 3156 2557 3231; x_wconf 89' lang='lat' dir='ltr'>sed</span> <span class='ocrx_word' id='word_1_189' title='bbox 2592 3156 2864 3232; x_wconf 87' lang='lat' dir='ltr'>afficiat</span> 
     </span>
     <span class='ocr_line' id='line_1_24' title="bbox 527 3275 2867 3375; baseline -0.001 -25"><span class='ocrx_word' id='word_1_190' title='bbox 527 3278 777 3375; x_wconf 88' lang='lat' dir='ltr'>gulam</span> <span class='ocrx_word' id='word_1_191' title='bbox 831 3283 904 3352; x_wconf 95' lang='lat' dir='ltr'>et</span> <span class='ocrx_word' id='word_1_192' title='bbox 953 3283 1254 3373; x_wconf 90' lang='lat' dir='ltr'>gustum</span> <span class='ocrx_word' id='word_1_193' title='bbox 1309 3277 1503 3352; x_wconf 81' lang='lat' dir='ltr'>fame</span> <span class='ocrx_word' id='word_1_194' title='bbox 1543 3282 1618 3350; x_wconf 93' lang='lat' dir='ltr'>et</span> <span class='ocrx_word' id='word_1_195' title='bbox 1652 3276 1786 3369; x_wconf 89' lang='lat' dir='ltr'>siti,</span> <span class='ocrx_word' id='word_1_196' title='bbox 1834 3283 1909 3350; x_wconf 93' lang='lat' dir='ltr'>et</span> <span class='ocrx_word' id='word_1_197' title='bbox 1941 3275 2301 3350; x_wconf 90' lang='lat' dir='ltr'>abstineat</span> <span class='ocrx_word' id='word_1_198' title='bbox 2334 3296 2380 3349; x_wconf 93' lang='lat' dir='ltr'>a</span> <span class='ocrx_word' id='word_1_199' title='bbox 2414 3275 2591 3350; x_wconf 90' lang='lat' dir='ltr'>cibis</span> <span class='ocrx_word' id='word_1_200' title='bbox 2626 3282 2700 3350; x_wconf 94' lang='lat' dir='ltr'>et</span> <span class='ocrx_word' id='word_1_201' title='bbox 2735 3296 2867 3370; x_wconf 90' lang='lat' dir='ltr'>po-</span> 
     </span>
     <span class='ocr_line' id='line_1_25' title="bbox 531 3394 2869 3492; baseline -0 -22"><span class='ocrx_word' id='word_1_202' title='bbox 531 3396 720 3470; x_wconf 90' lang='lat' dir='ltr'>tibus</span> <span class='ocrx_word' id='word_1_203' title='bbox 769 3396 1126 3492; x_wconf 81' lang='lat' dir='ltr'>pretiosiS‚</span> <span class='ocrx_word' id='word_1_204' title='bbox 1167 3402 1240 3471; x_wconf 92' lang='lat' dir='ltr'>et</span> <span class='ocrx_word' id='word_1_205' title='bbox 1273 3402 1530 3469; x_wconf 90' lang='lat' dir='ltr'>utatur</span> <span class='ocrx_word' id='word_1_206' title='bbox 1564 3394 1825 3468; x_wconf 86' lang='lat' dir='ltr'>vilibus</span> <span class='ocrx_word' id='word_1_207' title='bbox 1860 3400 1936 3469; x_wconf 93' lang='lat' dir='ltr'>et</span> <span class='ocrx_word' id='word_1_208' title='bbox 1967 3394 2275 3490; x_wconf 84' lang='lat' dir='ltr'>grossis3</span> <span class='ocrx_word' id='word_1_209' title='bbox 2329 3395 2526 3490; x_wconf 88' lang='lat' dir='ltr'>quod</span> <span class='ocrx_word' id='word_1_210' title='bbox 2569 3395 2869 3491; x_wconf 91' lang='lat' dir='ltr'>egregie</span> 
     </span>
     <span class='ocr_line' id='line_1_26' title="bbox 530 3514 2868 3614; baseline 0 -25"><span class='ocrx_word' id='word_1_211' title='bbox 530 3515 891 3614; x_wconf 82' lang='lat' dir='ltr'>figuratur</span> <span class='ocrx_word' id='word_1_212' title='bbox 943 3517 1015 3589; x_wconf 92' lang='lat' dir='ltr'>in</span> <span class='ocrx_word' id='word_1_213' title='bbox 1077 3518 1211 3591; x_wconf 89' lang='lat' dir='ltr'>bac</span> <span class='ocrx_word' id='word_1_214' title='bbox 1273 3516 1563 3590; x_wconf 90' lang='lat' dir='ltr'>arbore.</span> <span class='ocrx_word' id='word_1_215' title='bbox 1622 3514 1807 3588; x_wconf 93' lang='lat' dir='ltr'>Nam</span> <span class='ocrx_word' id='word_1_216' title='bbox 1871 3536 2089 3610; x_wconf 92' lang='lat' dir='ltr'>poma</span> <span class='ocrx_word' id='word_1_217' title='bbox 2149 3536 2317 3609; x_wconf 85' lang='lat' dir='ltr'>quae</span> <span class='ocrx_word' id='word_1_218' title='bbox 2382 3522 2553 3590; x_wconf 92' lang='lat' dir='ltr'>sunt</span> <span class='ocrx_word' id='word_1_219' title='bbox 2611 3516 2868 3610; x_wconf 90' lang='lat' dir='ltr'>pulcra</span> 
     </span>
     <span class='ocr_line' id='line_1_27' title="bbox 529 3634 2868 3741; baseline -0.001 -30"><span class='ocrx_word' id='word_1_220' title='bbox 529 3636 715 3711; x_wconf 90' lang='lat' dir='ltr'>visui</span> <span class='ocrx_word' id='word_1_221' title='bbox 764 3642 839 3711; x_wconf 92' lang='lat' dir='ltr'>et</span> <span class='ocrx_word' id='word_1_222' title='bbox 894 3637 1133 3711; x_wconf 90' lang='lat' dir='ltr'>dulcia</span> <span class='ocrx_word' id='word_1_223' title='bbox 1160 3636 1464 3741; x_wconf 85' lang='lat' dir='ltr'>gustui,</span> <span class='ocrx_word' id='word_1_224' title='bbox 1516 3634 1838 3732; x_wconf 86' lang='lat' dir='ltr'>figurant</span> <span class='ocrx_word' id='word_1_225' title='bbox 1900 3635 2149 3709; x_wconf 93' lang='lat' dir='ltr'>omnia</span> <span class='ocrx_word' id='word_1_226' title='bbox 2211 3656 2488 3732; x_wconf 92' lang='lat' dir='ltr'>genera</span> <span class='ocrx_word' id='word_1_227' title='bbox 2552 3635 2868 3710; x_wconf 88' lang='lat' dir='ltr'>cibario-</span> 
     </span>
     <span class='ocr_line' id='line_1_28' title="bbox 531 3747 2866 3853; baseline 0.001 -25"><span class='ocrx_word' id='word_1_228' title='bbox 531 3777 696 3829; x_wconf 90' lang='lat' dir='ltr'>rum</span> <span class='ocrx_word' id='word_1_229' title='bbox 724 3747 801 3848; x_wconf 70' lang='lat'>(2)</span> <span class='ocrx_word' id='word_1_230' title='bbox 870 3764 945 3831; x_wconf 93' lang='lat' dir='ltr'>et</span> <span class='ocrx_word' id='word_1_231' title='bbox 1005 3756 1549 3853; x_wconf 89' lang='lat' dir='ltr'>appetibilium:</span> <span class='ocrx_word' id='word_1_232' title='bbox 1602 3775 1799 3850; x_wconf 89' lang='lat' dir='ltr'>aqua</span> <span class='ocrx_word' id='word_1_233' title='bbox 1866 3755 2110 3828; x_wconf 88' lang='lat' dir='ltr'>suavis</span> <span class='ocrx_word' id='word_1_234' title='bbox 2178 3763 2254 3829; x_wconf 93' lang='lat' dir='ltr'>et</span> <span class='ocrx_word' id='word_1_235' title='bbox 2324 3755 2524 3829; x_wconf 90' lang='lat' dir='ltr'>clara</span> <span class='ocrx_word' id='word_1_236' title='bbox 2595 3755 2866 3851; x_wconf 86' lang='lat' dir='ltr'>figurat</span> 
     </span>
     <span class='ocr_line' id='line_1_29' title="bbox 526 3874 2868 3974; baseline 0 -25"><span class='ocrx_word' id='word_1_237' title='bbox 526 3895 745 3950; x_wconf 93' lang='lat' dir='ltr'>omne</span> <span class='ocrx_word' id='word_1_238' title='bbox 793 3897 1028 3974; x_wconf 91' lang='lat' dir='ltr'>genus</span> <span class='ocrx_word' id='word_1_239' title='bbox 1078 3877 1557 3972; x_wconf 89' lang='lat' dir='ltr'>poculorum:</span> <span class='ocrx_word' id='word_1_240' title='bbox 1611 3875 1809 3969; x_wconf 88' lang='lat' dir='ltr'>quod</span> <span class='ocrx_word' id='word_1_241' title='bbox 1860 3874 2085 3949; x_wconf 87' lang='lat' dir='ltr'>arbor</span> <span class='ocrx_word' id='word_1_242' title='bbox 2145 3881 2256 3950; x_wconf 91' lang='lat' dir='ltr'>est</span> <span class='ocrx_word' id='word_1_243' title='bbox 2314 3895 2573 3950; x_wconf 91' lang='lat' dir='ltr'>eversa</span> <span class='ocrx_word' id='word_1_244' title='bbox 2633 3875 2732 3949; x_wconf 89' lang='lat' dir='ltr'>ita</span> <span class='ocrx_word' id='word_1_245' title='bbox 2784 3884 2868 3950; x_wconf 93' lang='lat' dir='ltr'>ut</span> 
     </span>
     <span class='ocr_line' id='line_1_30' title="bbox 528 3994 2869 4094; baseline 0 -24"><span class='ocrx_word' id='word_1_246' title='bbox 528 3998 771 4071; x_wconf 92' lang='lat' dir='ltr'>nullus</span> <span class='ocrx_word' id='word_1_247' title='bbox 803 3994 1202 4072; x_wconf 86' lang='lat' dir='ltr'>ascendere</span> <span class='ocrx_word' id='word_1_248' title='bbox 1237 3998 1501 4090; x_wconf 86' lang='lat' dir='ltr'>valeat,</span> <span class='ocrx_word' id='word_1_249' title='bbox 1535 3995 1807 4091; x_wconf 86' lang='lat' dir='ltr'>figurat</span> <span class='ocrx_word' id='word_1_250' title='bbox 1840 3996 2399 4090; x_wconf 87' lang='lat' dir='ltr'>prohibitionem</span> <span class='ocrx_word' id='word_1_251' title='bbox 2438 4017 2608 4090; x_wconf 83' lang='lat' dir='ltr'>quae</span> <span class='ocrx_word' id='word_1_252' title='bbox 2641 4003 2869 4094; x_wconf 87' lang='lat' dir='ltr'>auget</span> 
     </span>
     <span class='ocr_line' id='line_1_31' title="bbox 526 4116 2869 4213; baseline 0 -21"><span class='ocrx_word' id='word_1_253' title='bbox 526 4117 1227 4213; x_wconf 82' lang='lat' dir='ltr'>concupiscentiam3</span> <span class='ocrx_word' id='word_1_254' title='bbox 1270 4118 1368 4191; x_wconf 89' lang='lat' dir='ltr'>ita</span> <span class='ocrx_word' id='word_1_255' title='bbox 1405 4116 1604 4212; x_wconf 88' lang='lat' dir='ltr'>quod</span> <span class='ocrx_word' id='word_1_256' title='bbox 1639 4123 2332 4211; x_wconf 88' lang='lat' dir='ltr'>quantumcumque</span> <span class='ocrx_word' id='word_1_257' title='bbox 2367 4118 2590 4190; x_wconf 89' lang='lat' dir='ltr'>bomo</span> <span class='ocrx_word' id='word_1_258' title='bbox 2626 4116 2869 4192; x_wconf 85' lang='lat' dir='ltr'>videat</span> 
     </span>
     <span class='ocr_line' id='line_1_32' title="bbox 528 4235 2867 4333; baseline 0.001 -23"><span class='ocrx_word' id='word_1_259' title='bbox 528 4242 603 4310; x_wconf 92' lang='lat' dir='ltr'>et</span> <span class='ocrx_word' id='word_1_260' title='bbox 651 4237 911 4311; x_wconf 89' lang='lat' dir='ltr'>sentiat</span> <span class='ocrx_word' id='word_1_261' title='bbox 968 4238 1103 4311; x_wconf 89' lang='lat' dir='ltr'>ista</span> <span class='ocrx_word' id='word_1_262' title='bbox 1172 4236 1638 4311; x_wconf 88' lang='lat' dir='ltr'>incitamenta</span> <span class='ocrx_word' id='word_1_263' title='bbox 1705 4236 1924 4333; x_wconf 68' lang='lat' dir='ltr'>gulae,</span> <span class='ocrx_word' id='word_1_264' title='bbox 1977 4235 2334 4310; x_wconf 87' lang='lat' dir='ltr'>abstineat</span> <span class='ocrx_word' id='word_1_265' title='bbox 2392 4236 2487 4309; x_wconf 91' lang='lat' dir='ltr'>ab</span> <span class='ocrx_word' id='word_1_266' title='bbox 2548 4236 2677 4331; x_wconf 64' lang='grc' dir='ltr'>εἰς,</span> <span class='ocrx_word' id='word_1_267' title='bbox 2731 4258 2867 4312; x_wconf 93' lang='lat' dir='ltr'>nec</span> 
     </span>
     <span class='ocr_line' id='line_1_33' title="bbox 521 4347 2863 4450; baseline 0 -20"><span class='ocrx_word' id='word_1_268' title='bbox 521 4363 774 4430; x_wconf 87' lang='lat' dir='ltr'>currat</span> <span class='ocrx_word' id='word_1_269' title='bbox 823 4357 1035 4432; x_wconf 87' lang='lat' dir='ltr'>avide</span> <span class='ocrx_word' id='word_1_270' title='bbox 1082 4356 1176 4430; x_wconf 93' lang='lat' dir='ltr'>ad</span> <span class='ocrx_word' id='word_1_271' title='bbox 1228 4376 1340 4450; x_wconf 87' lang='lat' dir='ltr'>ea,</span> <span class='ocrx_word' id='word_1_272' title='bbox 1391 4355 1578 4430; x_wconf 89' lang='lat' dir='ltr'>sicut</span> <span class='ocrx_word' id='word_1_273' title='bbox 1628 4355 1842 4431; x_wconf 92' lang='lat' dir='ltr'>multi</span> <span class='ocrx_word' id='word_1_274' title='bbox 1902 4355 2140 4430; x_wconf 82' lang='lat' dir='ltr'>viliter</span> <span class='ocrx_word' id='word_1_275' title='bbox 2171 4347 2244 4448; x_wconf 78' lang='lat'>(³)</span> <span class='ocrx_word' id='word_1_276' title='bbox 2310 4356 2604 4430; x_wconf 84' lang='lat' dir='ltr'>faciunt.</span> <span class='ocrx_word' id='word_1_277' title='bbox 2675 4356 2863 4430; x_wconf 89' lang='lat' dir='ltr'>Gula</span> 
     </span>
    </p>
   </div>
   <div class='ocr_carea' id='block_1_5' title="bbox 2333 4493 2862 4503">
    <p class='ocr_par' dir='ltr' id='par_1_5' title="bbox 2333 4493 2862 4503">
     <span class='ocr_line' id='line_1_34' title="bbox 2333 4493 2862 4503; baseline 0 0"><span class='ocrx_word' id='word_1_278' title='bbox 2333 4493 2862 4503; x_wconf 95' lang='lat' dir='ltr'> </span> 
     </span>
    </p>
   </div>
   <div class='ocr_carea' id='block_1_6' title="bbox 643 4543 2655 4684">
    <p class='ocr_par' dir='ltr' id='par_1_6' title="bbox 643 4543 2655 4684">
     <span class='ocr_line' id='line_1_35' title="bbox 643 4543 2655 4684; baseline -0 -88"><span class='ocrx_word' id='word_1_279' title='bbox 643 4544 701 4684; x_wconf 51' lang='grc' dir='ltr'>ἑξ</span> <span class='ocrx_word' id='word_1_280' title='bbox 731 4545 794 4673; x_wconf 55' lang='grc' dir='ltr'>ἓ</span> <span class='ocrx_word' id='word_1_281' title='bbox 827 4545 1094 4673; x_wconf 53' lang='grc' dir='ltr'>Δὲηοιιίιιε</span> <span class='ocrx_word' id='word_1_282' title='bbox 1125 4546 1320 4597; x_wconf 73' lang='lat' dir='ltr'>scilicet</span> <span class='ocrx_word' id='word_1_283' title='bbox 1352 4559 1532 4609; x_wconf 73' lang='lat' dir='ltr'>poenae.</span> <span class='ocrx_word' id='word_1_284' title='bbox 1702 4549 1711 4560; x_wconf 87' lang='grc'><em>’</em></span> <span class='ocrx_word' id='word_1_285' title='bbox 1830 4544 1886 4607; x_wconf 80' lang='lat'>(¹)</span> <span class='ocrx_word' id='word_1_286' title='bbox 1918 4544 1979 4594; x_wconf 81' lang='grc' dir='ltr'>Β.</span> <span class='ocrx_word' id='word_1_287' title='bbox 2012 4544 2251 4595; x_wconf 82' lang='lat' dir='ltr'>ciborum</span> <span class='ocrx_word' id='word_1_288' title='bbox 2283 4543 2655 4608; x_wconf 78' lang='lat' dir='ltr'>appetibilium.</span> 
     </span>
     <span class='ocr_line' id='line_1_36' title="bbox 827 4623 1060 4673; baseline 0 0"><span class='ocrx_word' id='word_1_289' title='bbox 827 4635 859 4673; x_wconf 79' lang='lat' dir='ltr'>v</span> <span class='ocrx_word' id='word_1_290' title='bbox 945 4623 1060 4673; x_wconf 77' lang='lat' dir='ltr'>iter.</span> 
     </span>
    </p>
   </div>
   <div class='ocr_carea' id='block_1_7' title="bbox 3713 4565 3719 5300">
    <p class='ocr_par' dir='ltr' id='par_1_7' title="bbox 3713 4565 3719 5300">
     <span class='ocr_line' id='line_1_37' title="bbox 3713 4565 3719 5300; baseline 0 0"><span class='ocrx_word' id='word_1_291' title='bbox 3713 4565 3719 5300; x_wconf 95' lang='lat' dir='ltr'> </span> 
     </span>
    </p>
   </div>
  </div>
 </body>
</html>
