3734 5567
832 462 975 527 224
1559 466 1968 522 coMEN'nJM
2018 465 2455 521 PURGATonu

831 891 1161 961 CANTUS
1197 889 1723 958 TRIGESIMUS
1755 889 2101 974 PRIMUS,
2135 892 2245 957 ubi
2282 910 2495 957 coram
2520 889 2825 958 Beatrice
2859 891 3183 973 confessus

981 1008 1075 1070 est
1094 1023 1222 1086 pro
1253 1002 1538 1069 omnibus
1566 1003 1703 1069 suis
1733 1001 1937 1085 culpis
1982 1002 2063 1068 ab
2110 1022 2180 1068 eo
2224 1002 2419 1084 factis
2448 1007 2669 1069 contra
2701 1002 3080 1081 Reae-icens,
3115 1009 3175 1070 et

983 1115 1285 1198 quomodo
1331 1115 1604 1193 domm,
1639 1134 1828 1198 quam
1856 1115 2055 1197 prius
2098 1115 2353 1194 invenit,
2386 1134 2528 1180 eum
2569 1113 2753 1180 duxit
2795 1120 2856 1181 et
2899 1116 3178 1182 transire

982 1226 1135 1308 fecit
1175 1226 1430 1305 flumen,
1477 1230 1538 1291 et
1578 1226 1790 1308 ipsum
1834 1223 2051 1291 taliter
2097 1226 2261 1291 arsit
2315 1225 2481 1309 quod
2525 1225 2682 1292 bibit
2726 1227 2803 1292 de
2848 1247 2925 1292 ea
2975 1246 3180 1310 aqua.-

987 1342 1047 1402 ει
1088 1337 1161 1402 in
1203 1338 1331 1419 fine
1388 1336 1612 1403 ductus
1670 1340 1765 1402 est
1810 1356 1937 1418 per
1992 1335 2175 1403 illam
2233 1341 2294 1402 et
2351 1336 2519 1403 alias
2575 1342 2847 1421 quatuor
2889 1337 3180 1404 dontinus

987 1468 1201 1515 coram
1242 1447 1543 1515 Beato-icc
1584 1453 1888 1534 royantes
1933 1469 2072 1515 eam
2103 1466 2235 1531 pro
2281 1446 2518 1515 Dante.

979 1719 1157 1887 Ε
1199 1834 1296 1883 w
1333 1814 1452 1885 che
1483 1815 1576 1885 εί
1603 1815 1680 1909 di
1713 1802 1785 1885 ιὰ
1815 1813 1946 1885 dal
1966 1815 2177 1904 fiume
2208 1831 2441 1885 sacro.
2479 1812 2881 1905 Postquam
2933 1812 3005 1886 in
3056 1832 3184 1885 su-

831 1931 1102 2030 periori
1154 1932 1471 2026 capitulo
1523 1937 1738 2026 poeta
1775 1937 2024 2006 noster
2063 1930 2440 2026 descripsit
2481 1932 2904 2007 mordacem
2941 1933 3180 2008 incre-

832 2054 1200 2151 pationem
1253 2051 1603 2126 Beatricis
1653 2052 1746 2126 ad
1793 2072 1875 2126 se
1910 2051 1982 2124 in
2016 2052 2369 2147 generali,
2406 2073 2605 2126 nunc
2645 2059 3181 2147 consequenter

834 2172 909 2247 in
960 2174 1097 2245 isto
1147 2170 1465 2265 capitulo
1498 2171 1733 2244 XXXI
1765 2170 1968 2266 ponit
2002 2170 2576 2266 increpationem
2611 2172 2937 2247 eiusdem
2972 2190 3178 2244 mor-

836 2291 1209 2366 daciorem
1262 2289 1336 2363 in
1387 2289 1699 2384 speciali.
1753 2290 1840 2363 Et
1890 2310 2212 2384 praesens
2275 2291 2672 2385 capitulum
2724 2295 2962 2385 potest
3008 2290 3179 2365 bre-

837 2411 1026 2485 viter
1074 2409 1294 2485 dividi
1345 2409 1419 2483 in
1469 2417 1789 2503 quatuor
1840 2418 2098 2504 partes·
2131 2410 2535 2506 generales.
2591 2412 2669 2483 In
2703 2409 2941 2505 prima
2992 2428 3179 2503 qua-

837 2552 1010 2605 rum
1072 2529 1366 2604 Beatrix
1435 2529 1802 2625 compellit
1861 2530 2173 2603 Dantem
2237 2528 2330 2602 ad
2394 2528 2894 2603 confitendum
2960 2548 3179 2603 suum

835 2671 1169 2726 errorem
1208 2656 1283 2725 et
1316 2650 1590 2725 erroris
1634 2670 1919 2725 causas.
1955 2651 2036 2723 In
2070 2649 2389 2724 secunda
2423 2649 2671 2746 arguit
2714 2657 2789 2724 et
2821 2649 3180 2726 convincit

834 2790 1012 2846 eum
1073 2770 1272 2864 quod
1334 2789 1481 2844 non
1543 2770 1885 2845 debuerit
1945 2768 2048 2844 sic
2115 2790 2425 2864 errasse,
2487 2770 2624 2844 ibi:
2688 2772 3025 2845 Tuaavia.
3101 2770 3181 2842 In

835 2890 1049 2966 tertia
1100 2895 1315 2985 poeta
1351 2889 1662 2964 ostendit
1699 2889 2014 2983 qualiter
2052 2889 2413 2984 poenitens
2447 2888 2669 2963 suerit
2700 2889 2894 2964 lotus
2932 2889 3007 2963 in
3040 2888 3180 2961 flu-

836 3009 1058 3103 mine,
1092 3014 1169 3083 et
1200 3008 1612 3105 assignatus
1644 3007 2107 3101 dominabus,
2147 3008 2286 3081 ibi:
2327 3013 2394 3081 E
2429 3029 2643 3081 come.
2679 3011 2760 3082 ln
2803 3013 3068 3103 quarta
3105 3014 3181 3081 et

836 3128 1093 3202 ultima
1143 3128 1456 3202 ostendit
1504 3129 1877 3223 quomodo
1911 3128 2331 3223 pervenerit
2381 3128 2456 3202 in
2506 3128 3017 3224 perfectiorem
3052 3147 3181 3202 co-

833 3248 1234 3346 gnitionem
1286 3248 1655 3341 Beatricis‚
1709 3248 1845 3322 ibi:
1907 3240 2063 3321 Cos}
2112 3251 2488 3322 cantanda
2527 3247 2633 3322 Ad
2673 3248 3001 3344 primum
3053 3268 3184 3323 ve-

838 3367 1065 3461 nienS,
1116 3367 1301 3462 dico,
1354 3368 1553 3462 quod
1595 3368 1892 3443 Beatrix
1930 3369 2236 3463 requirit
2285 3391 2331 3444 a
2383 3376 2602 3465 poeta
2651 3369 3181 3445 confessionem

837 3488 950 3563 sui
1002 3488 1274 3563 erroris
1325 3495 1400 3564 et
1450 3510 1751 3585 causas3
1804 3495 1881 3564 et
1935 3489 2174 3584 primo
2236 3490 2504 3564 faciens
2555 3490 3178 3565 continuationem

835 3609 1147 3684 ostendit
1195 3610 1733 3705 dispositionem
1784 3610 2133 3684 Beatricis
2185 3616 2443 3684 contra
2488 3632 2588 3686 se.
2641 3610 2750 3684 Ad
2802 3610 3001 3705 quod
3050 3629 3186 3683 no-

837 3732 1167 3826 tandum,
1219 3731 1418 3825 quod
1468 3731 1657 3806 sicut
1705 3735 1905 3825 patet
1956 3750 2048 3804 ex
2111 3729 2553 3823 praecedenti
2601 3730 2940 3824 capitum,
3000 3729 3177 3803 dum

835 3858 1049 3947 poeta
1088 3852 1536 3947 deplorasset
1567 3843 1641 3943 (¹)
1688 3870 2066 3925 recessum
2093 3847 2394 3945 Virgilii,
2431 3848 2723 3924 Beatrix
2764 3848 3038 3922 minata
3072 3852 3181 3921 est

835 3972 967 4046 sibi
1019 3971 1218 4067 quod
1267 3973 1592 4066 ploraret
1640 3990 1773 4064 per
1821 3970 2043 4044 aliam
2094 3975 2404 4064 spatam,
2458 3968 2654 4063 quod
2717 3969 2991 4043 factum
3049 3973 3181 4061 est,

835 4092 1130 4186 quando
1164 4091 1316 4185 ipsa
1351 4089 1724 4185 respondit
1763 4089 2043 4185 angelis
2062 4113 2082 4182 3
2132 4089 2258 4163 sed
2295 4093 2473 4162 tunc
2506 4089 2839 4163 exercuit
2878 4093 3183 4183 spatam,

834 4209 1021 4284 idest
1069 4211 1421 4307 linguam,
1473 4209 1744 4304 cresim,
1797 4229 1996 4283 nunc
2055 4229 2237 4283 vero
2300 4208 2521 4304 coepit
2581 4228 2936 4284 exercere
2987 4208 3182 4282 illam

834 4329 1188 4425 punctim,
1227 4330 1422 4424 quod
1461 4338 1572 4405 est
1618 4330 1896 4404 durius.
1951 4328 2158 4403 Unde
2203 4336 2378 4404 nota
2422 4328 2755 4420 ulteriuS,
2793 4326 2992 4422 quod
3027 4346 3187 4401 me-

965 4586 1023 4651 (¹)
1056 4589 1163 4647 117,
1198 4586 1494 4650 deploraret
1526 4599 1806 4638 recessum.
