3734 5567
882 505 1025 570 276
1598 516 2007 572 COMENTUM
2056 516 2497 571 PURGAToml

879 660 1136 753 Adam,
1191 660 1514 734 secundo
1572 662 1668 735 ab
1730 662 2000 756 aquila.
2068 663 2156 735 Et
2213 662 2331 736 hic
2393 667 2565 736 nota
2627 663 2825 755 quod
2886 683 3017 758 per
3084 664 3227 738 hoc

878 781 1184 855 Beatrix'
1237 802 1384 853 non
1442 781 1600 854 vult
1658 781 1858 855 aliud
1918 782 2165 857 dicere
2224 782 2395 855 nisi:
2449 782 2743 875 quando
2813 790 2893 856 tu
2953 783 3225 857 Dantes

879 901 1209 975 narrabis
1260 901 1675 975 hominibus
1725 902 2117 976 vindictam
2171 923 2398 995 quam
2457 901 2653 976 Deus
2717 909 2927 997 parat
2975 904 3227 978 facere

877 1026 1131 1096 contra
1182 1021 1389 1095 illum
1440 1021 1814 1117 gigantem
1866 1023 1995 1115 qui
2049 1030 2331 1098 temere
2368 1024 2750 1097 attentavit
2784 1024 3063 1098 violare
3095 1043 3227 1097 ec-

877 1142 1171 1216 clesiam
1223 1142 1375 1235 Dei,
1419 1142 1753 1216 narrabis
1803 1163 1939 1237 pro
1980 1144 2259 1238 optimo
2299 1144 2636 1238 exemplo
2673 1144 2991 1237 qualiter
3022 1144 3221 1218 Deus

879 1260 1046 1335 fecit
1069 1263 1293 1335 altam
1313 1254 1386 1352 (¹)
1413 1260 1801 1335 vindictam
1838 1262 1931 1336 de
1964 1262 2203 1357 primo
2237 1268 2541 1356 parente
2575 1262 2703 1355 qui
2738 1269 3021 1337 temere
3056 1269 3220 1338 ten-

876 1381 1057 1454 tavit
1122 1381 1435 1475 spoliare
1491 1381 1837 1456 arborem
1907 1382 2269 1475 divinam3
2321 1401 2490 1475 quae
2555 1401 2735 1478 ergo
2800 1383 2988 1457 facta
3056 1390 3219 1459 erat

874 1499 1077 1573 arida
1126 1519 1259 1594 per
1307 1499 1561 1594 Adam,
1614 1501 1803 1574 facta
1856 1509 2017 1576 erat
2066 1501 2317 1575 florida
2370 1520 2501 1596 per
2550 1501 2941 1595 Christum,
2991 1508 3066 1576 et
3116 1502 3213 1576 ita

874 1618 1013 1693 erit
1064 1619 1206 1693 cito
1254 1619 1347 1694 de
1396 1620 1720 1695 ecclesia.
1772 1622 1982 1709 Quod
2016 1629 2267 1696 autem
2311 1622 2468 1695 haec
2507 1621 2599 1694 sit
2639 1621 2941 1695 intentio
2976 1627 3215 1715 poetae

872 1739 1198 1815 declarat
1248 1741 1491 1814 statim
1544 1741 1752 1815 litera
1805 1762 2145 1835 sequens,
2197 1741 2271 1813 in
2322 1761 2470 1834 qua
2516 1741 2809 1815 Beatrix
2862 1740 2985 1815 dat
3035 1761 3213 1838 con-

873 1861 1277 1934 clusionem
1346 1863 1793 1956 generalem,
1862 1861 2134 1955 dicens,
2186 1860 2382 1954 quod
2447 1881 2592 1934 non
2657 1861 2896 1934 solum
2956 1859 3212 1954 Adam,

872 1982 1006 2055 sed
1048 1980 1288 2056 omnis
1338 1981 1526 2054 alius
1575 1980 1885 2054 violator
1942 1981 2228 2054 arboris
2287 1980 2596 2054 incurrit
2645 1979 3209 2075 indignationem

871 2102 1051 2195 Dei3
1111 2098 1310 2173 unde
1375 2098 1589 2173 dicit:
1654 2102 2045 2191 qualunque
2105 2099 2288 2171 ruba
2338 2101 2589 2189 quella,
2648 2098 2939 2192 scilicet,
3005 2100 3213 2194 plan-

873 2231 1049 2314 tam,
1124 2221 1310 2294 sicut
1384 2217 1611 2292 Adam
1686 2220 1945 2314 primo,
2005 2219 2251 2312 aquila
2324 2220 2667 2312 secundo,
2749 2219 2953 2314 gigas
3012 2239 3207 2292 nunc

873 2340 1111 2434 tertio,
1162 2360 1206 2411 o
1257 2340 1482 2430 quella
1528 2341 1868 2429 solemma,
1921 2337 2107 2413 sicut
2137 2338 2340 2433 gigas
2374 2337 2500 2431 qui
2542 2338 2755 2412 solvit
2804 2358 3105 2411 currum
3159 2357 3208 2411 a
3326 2423 3341 2436 ι

871 2462 1139 2555 planta,
1208 2478 1339 2530 con
1406 2457 1795 2529 bescemmia
1865 2460 1942 2531 di
2008 2461 2186 2552 fatto
2254 2459 2526 2550 offenda
2587 2460 2725 2529 Dio
2739 2483 2770 2549 ,·
2838 2478 3006 2530 nam
3079 2456 3211 2550 qui

872 2579 1170 2655 offendit
1221 2578 1601 2653 ecclesiam
1652 2577 1950 2652 offendit
2010 2578 2272 2671 Deum,
2337 2580 2455 2650 che
2511 2581 2661 2650 solo
2724 2580 2842 2650 al?
2868 2597 2995 2650 uso
3053 2598 3209 2667 sue,

876 2722 1020 2775 non
1073 2706 1154 2773 ut
1205 2699 1513 2774 serviret
1565 2698 1863 2794 regibus
1913 2703 2157 2791 terrae,
2193 2700 2266 2770 la
2314 2688 2476 2769 creo
2514 2702 2747 2789 santa,
2789 2695 2944 2769 sine
2996 2715 3203 2791 ruga.

869 2821 1021 2894 Hoc
1070 2818 1456 2893 confirmat
1506 2817 1676 2910 quia
1728 2817 2013 2911 primus
2060 2815 2379 2891 offensor
2414 2835 2544 2911 per
2581 2821 2686 2889 tot
2721 2814 2941 2889 millia
2976 2834 3207 2889 anno·

872 2961 1038 3014 rum
1092 2937 1502 3035 expectavit
1550 2937 1625 3010 in
1675 2937 2043 3011 anxietate
2102 2936 2644 3029 redemptorem
2699 2956 2961 3028 suum;
3016 2933 3211 3008 unde

867 3059 1081 3133 dicit:
1135 3061 1180 3131 Γ
1206 3060 1447 3129 anima
1486 3058 1755 3148 prima,
1816 3055 2111 3148 scilicet,
2175 3055 2369 3148 Adae,
2423 3046 2671 3127 bramo
2733 3057 2935 3146 colui,
2999 3054 3203 3146 idest,

869 3177 1144 3272 optavit
1176 3182 1250 3249 et
1285 3175 1572 3249 vocavit
1604 3174 1996 3267 Christum,
2031 3177 2151 3246 claee
2174 3177 2226 3247 ’l
2255 3193 2493 3246 morso
2525 3176 2599 3246 in
2631 3194 2707 3245 se
2728 3165 2972 3266 ραηίο,
3032 3172 3209 3266 quia

870 3297 1197 3372 Christus
1223 3294 1505 3389 punivit
1531 3315 1859 3366 morsum
1889 3293 2062 3367 Adae
2088 3293 2160 3366 in
2186 3284 2258 3385 (²)
2290 3314 2370 3368 se
2396 3293 2573 3388 ipso,
2600 3295 3011 3384 cinquemila
3036 3294 3209 3365 anni

867 3437 905 3488 e
938 3412 1085 3508 piei,
1126 3414 1416 3507 scilicet,
1452 3418 1751 3487 centum
1804 3412 2197 3508 nonaginta
2232 3432 2495 3486 novem
2534 3412 2720 3505 pluS,
2752 3432 2886 3503 per
2917 3413 3208 3483 mordet·

867 3537 1120 3626 quella,
1171 3534 1373 3627 idest,
1416 3533 1587 3626 quia
1642 3532 1792 3627 ipse
1841 3533 2073 3606 Adam
2128 3532 2520 3605 momordit
2570 3531 2801 3625 ipsam
2855 3531 3199 3625 plantam.

1013 3659 1298 3726 Dorme.
1352 3653 1493 3726 Ista
1541 3657 1653 3727 est
1704 3652 1917 3726 tertia
1969 3672 2138 3747 pars
2188 3651 2572 3746 generalis,
2609 3650 2684 3722 in
2719 3669 2867 3744 qua
2907 3648 3201 3724 Beatrix

867 3776 1038 3870 quia
1090 3776 1428 3849 noluerat
1485 3773 1862 3847 declarare
1923 3779 2158 3867 poetae
2225 3770 2541 3865 amplius
2608 3791 2819 3844 suam
2887 3770 3203 3864 prophe-

867 3897 1066 3990 tiam,
1121 3916 1315 3969 nunc
1364 3894 1687 3968 declarat
1736 3891 2075 3985 quaedam
2128 3891 2319 3965 dicta
2370 3890 2461 3965 de
2509 3890 2780 3964 arbore
2829 3888 2983 3983 ipsa
3035 3907 3205 3982 quae

865 4017 1299 4092 videbantur
1350 4014 1699 4088 obscura:
1754 4018 1827 4086 et
1878 4011 2116 4106 primo
2165 4010 2411 4106 arguit
2451 4009 2691 4103 ipsum
2743 4008 2836 4083 de
2869 4007 3204 4081 'ruditate

866 4144 937 4211 et
987 4134 1449 4231 negligentia,
1488 4133 1660 4226 quia
1714 4151 1858 4204 non
1912 4129 2294 4204 videbatur
2329 4128 2733 4223 intelligere
2774 4147 2906 4221 per
2956 4146 3058 4218 se,
3111 4145 3201 4199 ex

865 4256 951 4329 iis
1001 4276 1168 4348 quae
1217 4255 1407 4328 dicta
1457 4258 1654 4345 sunt,
1702 4270 1937 4344 quare
1988 4249 2211 4323 arbor
2262 4249 2397 4323 ista
2442 4249 2533 4323 sit
2583 4256 2732 4322 tam
2786 4248 2932 4321 alta
2983 4252 3057 4319 et
3105 4245 3209 4318 ita

867 4393 1146 4449 eversa.
1199 4372 1382 4446 Dicit
1419 4390 1638 4466 ergo:
1684 4373 1758 4441 L’
1784 4373 2084 4460 inyeyno
2126 4376 2266 4461 cuo,
2308 4368 2504 4463 quod
2547 4367 2939 4461 aliquando
2982 4385 3204 4440 voca-

990 4632 1044 4694 (¹)
1074 4630 1136 4680 E.
1170 4628 1323 4679 aliam
1354 4628 1647 4680 vindictam.
2082 4627 2137 4688 (¹)
2168 4626 2230 4677 E.
2262 4627 2315 4677 iu
2347 4628 2637 4691 semetipso.
