3734 5567
1349 487 1630 544 CANTUS
1680 489 1970 543 sExTus.
2700 474 2841 543 459

487 635 987 713 dentissimam
1044 633 1452 727 utilitatem,
1506 635 1777 710 scilicet
1829 634 2410 709 meliorationem
2457 635 2570 708 sui
2614 640 2845 709 status

487 765 563 835 et
611 754 1131 832 exaltationem
1184 754 1520 849 honoris3
1562 755 1659 829 ita
1711 755 1911 849 quod
1964 754 2153 829 bene
2206 754 2515 828 reddidit
2565 754 2848 829 duode—

486 879 630 953 cim
683 897 817 972 pro
867 875 1146 950 decem.
1201 875 1289 947 Et
1339 875 1414 947 in
1464 874 1609 949 fine
1660 875 2115 949 Justinianus
2184 876 2417 970 tangit
2469 895 2844 950 recessum

485 998 766 1091 Romei,
800 997 1046 1074 dicens
1083 995 1157 1068 in
1192 995 1919 1070 commendationem
1956 993 2153 1070 eius:
2216 1001 2291 1070 et
2343 995 2461 1070 ille
2498 996 2848 1089 RomeuS‚

479 1121 769 1213 φανήσει·
823 1120 996 1209 indi,
1068 1115 1339 1190 scilicet
1390 1136 1435 1189 a
1486 1116 1779 1209 comite,
1831 1117 1973 1190 hoc
2034 1116 2252 1208 fact0,
2321 1137 2590 1208 povero
2641 1139 2679 1189 e
2731 1138 2849 1189 ve-

488 1247 692 1330 tuste,
742 1238 947 1330 idest,
1001 1256 1227 1311 senex
1279 1241 1354 1309 et
1404 1255 1706 1331 pauper,
1762 1235 1936 1329 quia
1988 1236 2162 1309 nihil
2202 1236 2697 1329 acquisiverat
2754 1257 2845 1311 ex

490 1360 704 1436 tantis
768 1357 1165 1451 laboribus,
1239 1356 1372 1430 nisi
1449 1356 1796 1430 invidiam
1866 1362 1942 1430 et
2005 1356 2341 1453 gloriam,
2402 1357 2593 1429 sicut
2657 1356 2846 1431 bene

488 1479 666 1554 dixit
733 1477 969 1573 Scipio
1034 1478 1418 1552 Africanus
1469 1477 1543 1550 in
1592 1476 1804 1551 simili
1866 1497 2042 1551 casu
2094 1497 2268 1550 cum
2322 1482 2699 1570 peteretur
2748 1477 2842 1550 ab

489 1619 580 1674 eo
633 1598 818 1671 ratio
869 1619 1386 1692 expensarum.
1429 1597 1635 1672 Unde
1687 1597 1889 1672 dicit:
1934 1621 1971 1670 e
2008 1619 2081 1670 se
2104 1600 2156 1670 'l
2193 1600 2451 1670 mondo
2484 1616 2761 1689 sapesse
2795 1600 2850 1668 il

490 1740 661 1792 cuor
712 1720 813 1791 αι’
840 1721 979 1810 eqli
1027 1720 1211 1809 ebbe,
1247 1718 1455 1813 idest,
1493 1738 1718 1811 quam
1772 1723 2112 1791 constans
2163 1722 2236 1790 et
2287 1716 2567 1810 patiens
2620 1715 2849 1790 suerit

492 1841 565 1914 in
618 1845 818 1915 tanta
867 1839 1294 1935 indignitate
1346 1839 1683 1933 sortunae,
1728 1840 2187 1911 mendicando
2232 1857 2365 1908 sua
2418 1840 2586 1928 vica,
2638 1837 2843 1928 idest,

490 1961 824 2036 ducendo
877 1981 1089 2035 suam
1154 1960 1381 2034 vitam
1444 1979 1576 2053 per
1637 1957 2047 2035 mendicata
2110 1957 2461 2052 suffragia
2528 1976 2848 2051 pauper-

491 2084 678 2177 cule,
730 2103 777 2154 a
821 2085 1053 2173 frusto
1104 2102 1152 2154 a
1195 2085 1451 2174 frusta,
1489 2079 1692 2171 idest,
1739 2099 1935 2152 nunc
1990 2098 2162 2152 cum
2217 2077 2378 2172 isto,
2431 2097 2627 2150 nuuc
2670 2096 2845 2149 cum

491 2202 634 2295 illo,
687 2223 781 2277 ne
830 2202 957 2275 diu
1008 2201 1318 2276 serviret
1369 2200 1580 2275 alteri
1644 2198 1943 2273 domino
1996 2198 2308 2292 ingrato,
2362 2199 2580 2285 assai,
2633 2195 2842 2288 idest,

488 2320 721 2413 multi,
787 2325 857 2395 lo
921 2324 1114 2412 loda,
1179 2343 1226 2395 a
1287 2320 1681 2395 virtutibus
1747 2318 2168 2410 manifestiS,
2239 2339 2277 2389 e
2330 2312 2451 2408 pi&
2513 2319 2581 2388 lo
2649 2317 2846 2388 lode-

489 2442 716 2530 rebbe,
770 2441 829 2514 si
880 2441 1148 2513 scirent
1200 2460 1368 2534 quae
1417 2440 1759 2535 ignorant
1809 2438 1903 2513 de
1953 2458 2064 2512 e0.
2118 2438 2206 2511 Et
2261 2437 2363 2510 sic
2415 2442 2608 2530 nota,
2645 2434 2845 2529 quod

493 2559 666 2632 nihil
716 2559 978 2633 scitum
1030 2559 1162 2632 suit
1213 2559 1304 2633 de
1355 2559 1636 2633 Romeo
1681 2566 1755 2633 et
1798 2559 1959 2633 eius
1996 2558 2144 2632 vita
2183 2558 2298 2632 vel
2335 2557 2479 2630 fine
2518 2562 2682 2651 post
2722 2575 2843 2628 re-

493 2681 783 2752 cessum
837 2678 1033 2771 eius;
1088 2678 1214 2752 sed
1264 2700 1309 2753 a
1363 2679 1610 2752 multis
1644 2679 1964 2753 creditus
2006 2685 2114 2752 est
2162 2679 2277 2753 vir
2321 2676 2840 2768 sanctissimus,

493 2798 618 2892 qui
670 2799 825 2872 sine
873 2798 1093 2873 dubio
1146 2805 1308 2874 erat
1357 2798 1925 2893 sapientissimus
1970 2804 2044 2874 et
2079 2797 2689 2872 virtuosissimus:
2730 2802 2846 2867 ta-

492 2938 663 2993 men
717 2918 1026 3013 videtur,
1081 2920 1277 3013 quod
1345 2926 1565 2993 autor
1625 2918 1813 2993 bene
1878 2918 2165 2993 noverit
2231 2917 2604 2991 residuum
2673 2915 2843 2989 vitae

497 3040 701 3113 istius
770 3040 1113 3132 hominis,
1184 3040 1310 3114 sed
1378 3039 1670 3133 reliquit
1736 3040 1944 3114 nobis
2009 3037 2620 3134 investigandum.
2686 3035 2839 3109 Deo

497 3160 789 3256 gratias
