<?xml version="1.0" encoding="UTF-8"?>
<!DOCTYPE html PUBLIC "-//W3C//DTD XHTML 1.0 Transitional//EN"
    "http://www.w3.org/TR/xhtml1/DTD/xhtml1-transitional.dtd">
<html xmlns="http://www.w3.org/1999/xhtml" xml:lang="en" lang="en">
 <head>
  <title>
</title>
<meta http-equiv="Content-Type" content="text/html;charset=utf-8" />
  <meta name='ocr-system' content='tesseract 3.04.00' />
  <meta name='ocr-capabilities' content='ocr_page ocr_carea ocr_par ocr_line ocrx_word'/>
</head>
<body>
  <div class='ocr_page' id='page_1' title='image "benevenutideram02lacagoog_0450.png"; bbox 0 0 3734 5567; ppageno 0'>
   <div class='ocr_carea' id='block_1_1' title="bbox 999 463 2570 549">
    <p class='ocr_par' dir='ltr' id='par_1_1' title="bbox 999 463 2570 549">
     <span class='ocr_line' id='line_1_1' title="bbox 999 463 2570 549; baseline -0.004 -21"><span class='ocrx_word' id='word_1_1' title='bbox 999 463 1139 528; x_wconf 73' lang='lat'><strong>440</strong></span> <span class='ocrx_word' id='word_1_2' title='bbox 1778 470 2189 549; x_wconf 66' lang='lat' dir='ltr'><strong>coMENfrUM</strong></span> <span class='ocrx_word' id='word_1_3' title='bbox 2238 471 2570 525; x_wconf 75' lang='lat' dir='ltr'>PARADISI</span> 
     </span>
    </p>
   </div>
   <div class='ocr_carea' id='block_1_2' title="bbox 870 601 3358 4435">
    <p class='ocr_par' dir='ltr' id='par_1_2' title="bbox 870 601 3358 4435">
     <span class='ocr_line' id='line_1_2' title="bbox 870 601 3356 716; baseline -0 -22"><span class='ocrx_word' id='word_1_4' title='bbox 870 601 877 607; x_wconf 53' lang='grc'>’</span> <span class='ocrx_word' id='word_1_5' title='bbox 990 626 1071 716; x_wconf 79' lang='lat' dir='ltr'><strong>fu</strong></span> <span class='ocrx_word' id='word_1_6' title='bbox 1118 623 1195 694; x_wconf 81' lang='lat' dir='ltr'><strong>di</strong></span> <span class='ocrx_word' id='word_1_7' title='bbox 1242 622 1345 692; x_wconf 79' lang='lat' dir='ltr'><strong>tal</strong></span> <span class='ocrx_word' id='word_1_8' title='bbox 1391 622 1575 711; x_wconf 78' lang='lat' dir='ltr'><strong>vole,</strong></span> <span class='ocrx_word' id='word_1_9' title='bbox 1634 618 1808 712; x_wconf 84' lang='lat' dir='ltr'><strong>quia</strong></span> <span class='ocrx_word' id='word_1_10' title='bbox 1858 617 2104 710; x_wconf 88' lang='lat' dir='ltr'><strong>aquila</strong></span> <span class='ocrx_word' id='word_1_11' title='bbox 2158 617 2325 694; x_wconf 82' lang='lat' dir='ltr'><strong>fecit</strong></span> <span class='ocrx_word' id='word_1_12' title='bbox 2367 625 2542 693; x_wconf 91' lang='lat' dir='ltr'><strong>tunc</strong></span> <span class='ocrx_word' id='word_1_13' title='bbox 2578 638 2964 714; x_wconf 87' lang='lat' dir='ltr'><strong>magnum</strong></span> <span class='ocrx_word' id='word_1_14' title='bbox 3010 620 3356 711; x_wconf 82' lang='lat' dir='ltr'><strong>volatum3</strong></span> 
     </span>
     <span class='ocr_line' id='line_1_3' title="bbox 997 737 3358 834; baseline -0.001 -20"><span class='ocrx_word' id='word_1_15' title='bbox 997 761 1173 816; x_wconf 89' lang='lat' dir='ltr'><strong>nam</strong></span> <span class='ocrx_word' id='word_1_16' title='bbox 1227 740 1349 814; x_wconf 93' lang='lat' dir='ltr'><strong>ubi</strong></span> <span class='ocrx_word' id='word_1_17' title='bbox 1408 739 1651 813; x_wconf 87' lang='lat' dir='ltr'><strong>Caesar</strong></span> <span class='ocrx_word' id='word_1_18' title='bbox 1700 744 2122 834; x_wconf 89' lang='lat' dir='ltr'><strong>portaverat</strong></span> <span class='ocrx_word' id='word_1_19' title='bbox 2183 737 2420 832; x_wconf 90' lang='lat' dir='ltr'><strong>primo</strong></span> <span class='ocrx_word' id='word_1_20' title='bbox 2479 738 2822 833; x_wconf 83' lang='lat' dir='ltr'>aquilam</span> <span class='ocrx_word' id='word_1_21' title='bbox 2891 738 2974 811; x_wconf 91' lang='lat' dir='ltr'><strong>in</strong></span> <span class='ocrx_word' id='word_1_22' title='bbox 3037 738 3358 814; x_wconf 86' lang='lat' dir='ltr'><strong>occiden-</strong></span> 
     </span>
     <span class='ocr_line' id='line_1_4' title="bbox 998 857 3358 955; baseline -0.002 -20"><span class='ocrx_word' id='word_1_23' title='bbox 998 867 1171 955; x_wconf 87' lang='lat' dir='ltr'><strong>tem,</strong></span> <span class='ocrx_word' id='word_1_24' title='bbox 1225 880 1420 934; x_wconf 91' lang='lat' dir='ltr'><strong>nunc</strong></span> <span class='ocrx_word' id='word_1_25' title='bbox 1472 858 1767 934; x_wconf 80' lang='lat' dir='ltr'>retorsit</span> <span class='ocrx_word' id='word_1_26' title='bbox 1813 858 2045 954; x_wconf 84' lang='lat' dir='ltr'>ipsam</span> <span class='ocrx_word' id='word_1_27' title='bbox 2099 857 2171 931; x_wconf 91' lang='lat' dir='ltr'><strong>in</strong></span> <span class='ocrx_word' id='word_1_28' title='bbox 2222 858 2608 951; x_wconf 80' lang='lat' dir='ltr'><strong>orientem,</strong></span> <span class='ocrx_word' id='word_1_29' title='bbox 2644 864 2736 931; x_wconf 90' lang='lat' dir='ltr'><strong>ut</strong></span> <span class='ocrx_word' id='word_1_30' title='bbox 2781 858 2895 931; x_wconf 90' lang='lat' dir='ltr'><strong>ait</strong></span> <span class='ocrx_word' id='word_1_31' title='bbox 2933 857 3224 951; x_wconf 89' lang='lat' dir='ltr'><strong>Florus,</strong></span> <span class='ocrx_word' id='word_1_32' title='bbox 3254 859 3358 931; x_wconf 74' lang='lat' dir='ltr'><strong>che</strong></span> 
     </span>
     <span class='ocr_line' id='line_1_5' title="bbox 992 975 3355 1073; baseline -0.002 -19"><span class='ocrx_word' id='word_1_33' title='bbox 992 984 1115 1054; x_wconf 81' lang='lat' dir='ltr'><strong>nol</strong></span> <span class='ocrx_word' id='word_1_34' title='bbox 1157 983 1532 1071; x_wconf 61' lang='lat' dir='ltr'><strong>seguiter-ia</strong></span> <span class='ocrx_word' id='word_1_35' title='bbox 1580 982 1823 1070; x_wconf 65' lang='lat' dir='ltr'><strong>linqua</strong></span> <span class='ocrx_word' id='word_1_36' title='bbox 1873 975 1965 1052; x_wconf 68' lang='lat' dir='ltr'><strong>ne*</strong></span> <span class='ocrx_word' id='word_1_37' title='bbox 1997 998 2265 1072; x_wconf 81' lang='lat' dir='ltr'><strong>penna,</strong></span> <span class='ocrx_word' id='word_1_38' title='bbox 2319 978 2526 1073; x_wconf 90' lang='lat' dir='ltr'><strong>quasi</strong></span> <span class='ocrx_word' id='word_1_39' title='bbox 2580 978 2825 1053; x_wconf 86' lang='lat' dir='ltr'><strong>dicat:</strong></span> <span class='ocrx_word' id='word_1_40' title='bbox 2886 978 3155 1073; x_wconf 86' lang='lat' dir='ltr'><strong>lingua</strong></span> <span class='ocrx_word' id='word_1_41' title='bbox 3213 977 3355 1050; x_wconf 83' lang='lat' dir='ltr'><strong>fati-</strong></span> 
     </span>
     <span class='ocr_line' id='line_1_6' title="bbox 993 1096 3354 1197; baseline -0.001 -25"><span class='ocrx_word' id='word_1_42' title='bbox 993 1107 1300 1197; x_wconf 85' lang='lat' dir='ltr'><strong>garetur</strong></span> <span class='ocrx_word' id='word_1_43' title='bbox 1359 1099 1434 1172; x_wconf 92' lang='lat' dir='ltr'><strong>in</strong></span> <span class='ocrx_word' id='word_1_44' title='bbox 1502 1098 1896 1192; x_wconf 79' lang='lat' dir='ltr'><strong>narrandO,</strong></span> <span class='ocrx_word' id='word_1_45' title='bbox 1964 1105 2039 1173; x_wconf 91' lang='lat' dir='ltr'><strong>et</strong></span> <span class='ocrx_word' id='word_1_46' title='bbox 2105 1118 2345 1193; x_wconf 89' lang='lat' dir='ltr'><strong>penna</strong></span> <span class='ocrx_word' id='word_1_47' title='bbox 2412 1099 2485 1171; x_wconf 91' lang='lat' dir='ltr'><strong>in</strong></span> <span class='ocrx_word' id='word_1_48' title='bbox 2553 1097 3108 1191; x_wconf 85' lang='lat' dir='ltr'><strong>describend03</strong></span> <span class='ocrx_word' id='word_1_49' title='bbox 3179 1096 3354 1171; x_wconf 83' lang='lat' dir='ltr'><strong>unde</strong></span> 
     </span>
     <span class='ocr_line' id='line_1_7' title="bbox 992 1217 3354 1315; baseline -0.003 -19"><span class='ocrx_word' id='word_1_50' title='bbox 992 1223 1178 1296; x_wconf 92' lang='lat' dir='ltr'><strong>alter</strong></span> <span class='ocrx_word' id='word_1_51' title='bbox 1227 1220 1615 1296; x_wconf 89' lang='lat' dir='ltr'><strong>Svetonius</strong></span> <span class='ocrx_word' id='word_1_52' title='bbox 1665 1219 1832 1295; x_wconf 84' lang='lat' dir='ltr'><strong>fecit</strong></span> <span class='ocrx_word' id='word_1_53' title='bbox 1883 1219 2054 1293; x_wconf 90' lang='lat' dir='ltr'><strong>satis</strong></span> <span class='ocrx_word' id='word_1_54' title='bbox 2107 1240 2463 1315; x_wconf 84' lang='lat' dir='ltr'><strong>magnum</strong></span> <span class='ocrx_word' id='word_1_55' title='bbox 2516 1219 2798 1293; x_wconf 90' lang='lat' dir='ltr'><strong>librum</strong></span> <span class='ocrx_word' id='word_1_56' title='bbox 2857 1218 2961 1293; x_wconf 92' lang='lat' dir='ltr'><strong>de</strong></span> <span class='ocrx_word' id='word_1_57' title='bbox 3025 1217 3163 1291; x_wconf 87' lang='lat' dir='ltr'><strong>ista</strong></span> <span class='ocrx_word' id='word_1_58' title='bbox 3214 1237 3354 1291; x_wconf 89' lang='lat' dir='ltr'><strong>ma·</strong></span> 
     </span>
     <span class='ocr_line' id='line_1_8' title="bbox 992 1334 3351 1434; baseline -0.004 -18"><span class='ocrx_word' id='word_1_59' title='bbox 992 1341 1195 1420; x_wconf 83' lang='lat' dir='ltr'><strong>teria.</strong></span> <span class='ocrx_word' id='word_1_60' title='bbox 1250 1342 1340 1414; x_wconf 91' lang='lat' dir='ltr'><strong>Et</strong></span> <span class='ocrx_word' id='word_1_61' title='bbox 1404 1339 1646 1413; x_wconf 82' lang='lat' dir='ltr'>subdit</span> <span class='ocrx_word' id='word_1_62' title='bbox 1710 1340 1940 1413; x_wconf 86' lang='lat' dir='ltr'><strong>breve</strong></span> <span class='ocrx_word' id='word_1_63' title='bbox 2001 1338 2275 1412; x_wconf 74' lang='lat' dir='ltr'><strong>beilum</strong></span> <span class='ocrx_word' id='word_1_64' title='bbox 2338 1339 2612 1413; x_wconf 83' lang='lat' dir='ltr'><strong>factum</strong></span> <span class='ocrx_word' id='word_1_65' title='bbox 2676 1338 2752 1411; x_wconf 92' lang='lat' dir='ltr'><strong>in</strong></span> <span class='ocrx_word' id='word_1_66' title='bbox 2821 1338 3203 1434; x_wconf 83' lang='lat' dir='ltr'><strong>Hispania.</strong></span> <span class='ocrx_word' id='word_1_67' title='bbox 3261 1334 3351 1409; x_wconf 82' lang='lat' dir='ltr'><strong>Ad</strong></span> 
     </span>
     <span class='ocr_line' id='line_1_9' title="bbox 992 1455 3350 1555; baseline -0.003 -20"><span class='ocrx_word' id='word_1_68' title='bbox 992 1460 1191 1555; x_wconf 90' lang='lat' dir='ltr'><strong>quod</strong></span> <span class='ocrx_word' id='word_1_69' title='bbox 1224 1466 1332 1534; x_wconf 92' lang='lat' dir='ltr'><strong>est</strong></span> <span class='ocrx_word' id='word_1_70' title='bbox 1367 1457 1769 1553; x_wconf 87' lang='lat' dir='ltr'><strong>sciendum,</strong></span> <span class='ocrx_word' id='word_1_71' title='bbox 1822 1459 2021 1552; x_wconf 90' lang='lat' dir='ltr'><strong>quod</strong></span> <span class='ocrx_word' id='word_1_72' title='bbox 2056 1458 2301 1533; x_wconf 86' lang='lat' dir='ltr'><strong>Caesar</strong></span> <span class='ocrx_word' id='word_1_73' title='bbox 2334 1458 2690 1554; x_wconf 83' lang='lat' dir='ltr'><strong>dispositis</strong></span> <span class='ocrx_word' id='word_1_74' title='bbox 2732 1459 2984 1534; x_wconf 90' lang='lat' dir='ltr'><strong>rebus</strong></span> <span class='ocrx_word' id='word_1_75' title='bbox 3029 1457 3107 1531; x_wconf 88' lang='lat' dir='ltr'><strong>in</strong></span> <span class='ocrx_word' id='word_1_76' title='bbox 3142 1455 3350 1546; x_wconf 87' lang='lat' dir='ltr'><strong>Italia,</strong></span> 
     </span>
     <span class='ocr_line' id='line_1_10' title="bbox 990 1578 3348 1677; baseline -0.002 -23"><span class='ocrx_word' id='word_1_77' title='bbox 990 1580 1241 1677; x_wconf 83' lang='lat' dir='ltr'><strong>fugato</strong></span> <span class='ocrx_word' id='word_1_78' title='bbox 1292 1579 1639 1674; x_wconf 87' lang='lat' dir='ltr'><strong>Pompeio</strong></span> <span class='ocrx_word' id='word_1_79' title='bbox 1690 1579 1923 1653; x_wconf 90' lang='lat' dir='ltr'><strong>noluit</strong></span> <span class='ocrx_word' id='word_1_80' title='bbox 1991 1578 2332 1673; x_wconf 78' lang='lat' dir='ltr'><strong>persequi</strong></span> <span class='ocrx_word' id='word_1_81' title='bbox 2401 1579 2664 1674; x_wconf 90' lang='lat' dir='ltr'><strong>ipsum,</strong></span> <span class='ocrx_word' id='word_1_82' title='bbox 2733 1599 2838 1654; x_wconf 91' lang='lat' dir='ltr'><strong>ne</strong></span> <span class='ocrx_word' id='word_1_83' title='bbox 2907 1579 3348 1672; x_wconf 89' lang='lat' dir='ltr'><strong>relinqueret</strong></span> 
     </span>
     <span class='ocr_line' id='line_1_11' title="bbox 987 1694 3350 1796; baseline -0.003 -22"><span class='ocrx_word' id='word_1_84' title='bbox 987 1700 1121 1774; x_wconf 87' lang='lat' dir='ltr'><strong>sibi</strong></span> <span class='ocrx_word' id='word_1_85' title='bbox 1169 1721 1215 1775; x_wconf 93' lang='lat' dir='ltr'><strong>a</strong></span> <span class='ocrx_word' id='word_1_86' title='bbox 1268 1706 1476 1796; x_wconf 85' lang='lat' dir='ltr'><strong>tergo</strong></span> <span class='ocrx_word' id='word_1_87' title='bbox 1526 1700 1801 1774; x_wconf 90' lang='lat' dir='ltr'><strong>bellum</strong></span> <span class='ocrx_word' id='word_1_88' title='bbox 1854 1698 2336 1792; x_wconf 82' lang='lat' dir='ltr'><strong>formidabile,</strong></span> <span class='ocrx_word' id='word_1_89' title='bbox 2388 1718 2562 1772; x_wconf 87' lang='lat' dir='ltr'><strong>cum</strong></span> <span class='ocrx_word' id='word_1_90' title='bbox 2614 1697 3044 1773; x_wconf 84' lang='lat' dir='ltr'><strong>incredibili</strong></span> <span class='ocrx_word' id='word_1_91' title='bbox 3108 1694 3350 1771; x_wconf 87' lang='lat' dir='ltr'><strong>celeri-</strong></span> 
     </span>
     <span class='ocr_line' id='line_1_12' title="bbox 989 1814 3344 1911; baseline -0.003 -18"><span class='ocrx_word' id='word_1_92' title='bbox 989 1826 1140 1894; x_wconf 86' lang='lat' dir='ltr'><strong>tate</strong></span> <span class='ocrx_word' id='word_1_93' title='bbox 1189 1819 1520 1894; x_wconf 82' lang='lat' dir='ltr'><strong>transivit</strong></span> <span class='ocrx_word' id='word_1_94' title='bbox 1569 1819 1646 1891; x_wconf 91' lang='lat' dir='ltr'><strong>in</strong></span> <span class='ocrx_word' id='word_1_95' title='bbox 1706 1817 2151 1911; x_wconf 89' lang='lat' dir='ltr'><strong>Hispaniam,</strong></span> <span class='ocrx_word' id='word_1_96' title='bbox 2203 1839 2430 1911; x_wconf 90' lang='lat' dir='ltr'><strong>quam</strong></span> <span class='ocrx_word' id='word_1_97' title='bbox 2487 1819 2847 1892; x_wconf 89' lang='lat' dir='ltr'><strong>tenebant</strong></span> <span class='ocrx_word' id='word_1_98' title='bbox 2919 1824 3080 1890; x_wconf 89' lang='lat' dir='ltr'><strong>tres</strong></span> <span class='ocrx_word' id='word_1_99' title='bbox 3148 1814 3344 1910; x_wconf 84' lang='lat' dir='ltr'><strong>legati</strong></span> 
     </span>
     <span class='ocr_line' id='line_1_13' title="bbox 988 1936 3346 2033; baseline -0.003 -21"><span class='ocrx_word' id='word_1_100' title='bbox 988 1938 1334 2033; x_wconf 90' lang='lat' dir='ltr'><strong>Pompeii,</strong></span> <span class='ocrx_word' id='word_1_101' title='bbox 1384 1937 1717 2011; x_wconf 85' lang='lat' dir='ltr'><strong>Petreius</strong></span> <span class='ocrx_word' id='word_1_102' title='bbox 1766 1942 1842 2011; x_wconf 92' lang='lat' dir='ltr'><strong>et</strong></span> <span class='ocrx_word' id='word_1_103' title='bbox 1893 1937 2234 2011; x_wconf 81' lang='lat' dir='ltr'><strong>Afranius</strong></span> <span class='ocrx_word' id='word_1_104' title='bbox 2287 1943 2504 2011; x_wconf 88' lang='lat' dir='ltr'><strong>erant</strong></span> <span class='ocrx_word' id='word_1_105' title='bbox 2553 1937 2626 2010; x_wconf 91' lang='lat' dir='ltr'><strong>in</strong></span> <span class='ocrx_word' id='word_1_106' title='bbox 2677 1936 3071 2030; x_wconf 84' lang='lat' dir='ltr'><strong>citeriore,</strong></span> <span class='ocrx_word' id='word_1_107' title='bbox 3125 1936 3346 2009; x_wconf 86' lang='lat' dir='ltr'><strong>Varus</strong></span> 
     </span>
     <span class='ocr_line' id='line_1_14' title="bbox 989 2055 3341 2153; baseline -0.003 -21"><span class='ocrx_word' id='word_1_108' title='bbox 989 2058 1064 2132; x_wconf 92' lang='lat' dir='ltr'><strong>in</strong></span> <span class='ocrx_word' id='word_1_109' title='bbox 1113 2058 1502 2132; x_wconf 87' lang='lat' dir='ltr'><strong>ulteriore:</strong></span> <span class='ocrx_word' id='word_1_110' title='bbox 1542 2057 1637 2130; x_wconf 92' lang='lat' dir='ltr'><strong>ibi</strong></span> <span class='ocrx_word' id='word_1_111' title='bbox 1679 2078 1936 2151; x_wconf 90' lang='lat' dir='ltr'><strong>passus</strong></span> <span class='ocrx_word' id='word_1_112' title='bbox 1973 2078 2325 2153; x_wconf 85' lang='lat' dir='ltr'><strong>magnum</strong></span> <span class='ocrx_word' id='word_1_113' title='bbox 2379 2056 2737 2131; x_wconf 89' lang='lat' dir='ltr'><strong>diluvium</strong></span> <span class='ocrx_word' id='word_1_114' title='bbox 2787 2076 3183 2151; x_wconf 90' lang='lat' dir='ltr'><strong>aquarum</strong></span> <span class='ocrx_word' id='word_1_115' title='bbox 3219 2055 3341 2127; x_wconf 91' lang='lat' dir='ltr'><strong>Pe-</strong></span> 
     </span>
     <span class='ocr_line' id='line_1_15' title="bbox 989 2173 3338 2272; baseline -0.003 -20"><span class='ocrx_word' id='word_1_116' title='bbox 989 2178 1256 2252; x_wconf 91' lang='lat' dir='ltr'><strong>treium</strong></span> <span class='ocrx_word' id='word_1_117' title='bbox 1323 2183 1397 2249; x_wconf 93' lang='lat' dir='ltr'><strong>et</strong></span> <span class='ocrx_word' id='word_1_118' title='bbox 1466 2175 1845 2248; x_wconf 80' lang='lat' dir='ltr'><strong>Afranium</strong></span> <span class='ocrx_word' id='word_1_119' title='bbox 1914 2176 2173 2250; x_wconf 89' lang='lat' dir='ltr'><strong>clausit</strong></span> <span class='ocrx_word' id='word_1_120' title='bbox 2234 2176 2424 2250; x_wconf 88' lang='lat' dir='ltr'><strong>intra</strong></span> <span class='ocrx_word' id='word_1_121' title='bbox 2494 2183 2827 2251; x_wconf 90' lang='lat' dir='ltr'><strong>montem</strong></span> <span class='ocrx_word' id='word_1_122' title='bbox 2906 2175 3114 2272; x_wconf 88' lang='lat' dir='ltr'><strong>apud</strong></span> <span class='ocrx_word' id='word_1_123' title='bbox 3177 2173 3338 2246; x_wconf 86' lang='lat' dir='ltr'><strong>ller-</strong></span> 
     </span>
     <span class='ocr_line' id='line_1_16' title="bbox 988 2291 3336 2391; baseline -0.003 -21"><span class='ocrx_word' id='word_1_124' title='bbox 988 2296 1158 2370; x_wconf 89' lang='lat' dir='ltr'><strong>dam</strong></span> <span class='ocrx_word' id='word_1_125' title='bbox 1211 2293 1578 2369; x_wconf 90' lang='lat' dir='ltr'><strong>civitatem</strong></span> <span class='ocrx_word' id='word_1_126' title='bbox 1628 2293 2056 2390; x_wconf 82' lang='lat' dir='ltr'><strong>Aragoniae3</strong></span> <span class='ocrx_word' id='word_1_127' title='bbox 2106 2301 2182 2370; x_wconf 93' lang='lat' dir='ltr'><strong>et</strong></span> <span class='ocrx_word' id='word_1_128' title='bbox 2239 2316 2412 2369; x_wconf 91' lang='lat' dir='ltr'><strong>cum</strong></span> <span class='ocrx_word' id='word_1_129' title='bbox 2464 2302 2761 2391; x_wconf 90' lang='lat' dir='ltr'><strong>propter</strong></span> <span class='ocrx_word' id='word_1_130' title='bbox 2824 2296 3032 2370; x_wconf 91' lang='lat' dir='ltr'><strong>sitim</strong></span> <span class='ocrx_word' id='word_1_131' title='bbox 3088 2291 3336 2368; x_wconf 90' lang='lat' dir='ltr'><strong>deditio</strong></span> 
     </span>
     <span class='ocr_line' id='line_1_17' title="bbox 991 2413 3333 2509; baseline -0.002 -20"><span class='ocrx_word' id='word_1_132' title='bbox 991 2420 1457 2509; x_wconf 87' lang='lat' dir='ltr'><strong>tractaretur,</strong></span> <span class='ocrx_word' id='word_1_133' title='bbox 1509 2421 1583 2490; x_wconf 92' lang='lat' dir='ltr'><strong>et</strong></span> <span class='ocrx_word' id='word_1_134' title='bbox 1634 2414 1897 2489; x_wconf 65' lang='lat' dir='ltr'><strong>milites</strong></span> <span class='ocrx_word' id='word_1_135' title='bbox 1949 2415 2115 2490; x_wconf 87' lang='lat' dir='ltr'><strong>hinc</strong></span> <span class='ocrx_word' id='word_1_136' title='bbox 2166 2417 2333 2490; x_wconf 92' lang='lat' dir='ltr'><strong>inde</strong></span> <span class='ocrx_word' id='word_1_137' title='bbox 2391 2416 2699 2492; x_wconf 87' lang='lat' dir='ltr'><strong>fidenter</strong></span> <span class='ocrx_word' id='word_1_138' title='bbox 2750 2425 2829 2492; x_wconf 91' lang='lat' dir='ltr'><strong>et</strong></span> <span class='ocrx_word' id='word_1_139' title='bbox 2887 2413 3333 2492; x_wconf 84' lang='lat' dir='ltr'><strong>familiariter</strong></span> 
     </span>
     <span class='ocr_line' id='line_1_18' title="bbox 990 2534 3333 2633; baseline -0.002 -24"><span class='ocrx_word' id='word_1_140' title='bbox 990 2536 1063 2609; x_wconf 90' lang='lat' dir='ltr'><strong>in</strong></span> <span class='ocrx_word' id='word_1_141' title='bbox 1125 2541 1365 2610; x_wconf 87' lang='lat' dir='ltr'><strong>castra</strong></span> <span class='ocrx_word' id='word_1_142' title='bbox 1442 2534 1653 2629; x_wconf 90' lang='lat' dir='ltr'><strong>irent,</strong></span> <span class='ocrx_word' id='word_1_143' title='bbox 1714 2536 2046 2610; x_wconf 86' lang='lat' dir='ltr'><strong>Petreius</strong></span> <span class='ocrx_word' id='word_1_144' title='bbox 2120 2544 2194 2610; x_wconf 94' lang='lat' dir='ltr'><strong>et</strong></span> <span class='ocrx_word' id='word_1_145' title='bbox 2260 2536 2600 2613; x_wconf 84' lang='lat' dir='ltr'><strong>Afranius</strong></span> <span class='ocrx_word' id='word_1_146' title='bbox 2666 2538 2959 2633; x_wconf 85' lang='lat' dir='ltr'><strong>perfide</strong></span> <span class='ocrx_word' id='word_1_147' title='bbox 3036 2542 3113 2611; x_wconf 88' lang='lat' dir='ltr'><strong>et</strong></span> <span class='ocrx_word' id='word_1_148' title='bbox 3187 2552 3333 2607; x_wconf 90' lang='lat' dir='ltr'><strong>ma-</strong></span> 
     </span>
     <span class='ocr_line' id='line_1_19' title="bbox 988 2650 3329 2754; baseline -0.004 -24"><span class='ocrx_word' id='word_1_149' title='bbox 988 2656 1182 2754; x_wconf 79' lang='lat' dir='ltr'><strong>ligne</strong></span> <span class='ocrx_word' id='word_1_150' title='bbox 1231 2654 1679 2730; x_wconf 86' lang='lat' dir='ltr'><strong>Caesarianos</strong></span> <span class='ocrx_word' id='word_1_151' title='bbox 1737 2655 2067 2730; x_wconf 91' lang='lat' dir='ltr'><strong>incautos</strong></span> <span class='ocrx_word' id='word_1_152' title='bbox 2128 2660 2202 2730; x_wconf 92' lang='lat' dir='ltr'><strong>et</strong></span> <span class='ocrx_word' id='word_1_153' title='bbox 2267 2655 2586 2730; x_wconf 89' lang='lat' dir='ltr'><strong>inermes</strong></span> <span class='ocrx_word' id='word_1_154' title='bbox 2646 2657 3221 2732; x_wconf 88' lang='lat' dir='ltr'><strong>trucidaverunt</strong></span> <span class='ocrx_word' id='word_1_155' title='bbox 3265 2650 3329 2723; x_wconf 90' lang='lat' dir='ltr'><strong>in</strong></span> 
     </span>
     <span class='ocr_line' id='line_1_20' title="bbox 988 2769 3324 2870; baseline -0.003 -18"><span class='ocrx_word' id='word_1_156' title='bbox 988 2778 1138 2852; x_wconf 87' lang='lat' dir='ltr'><strong>suis</strong></span> <span class='ocrx_word' id='word_1_157' title='bbox 1179 2776 1465 2870; x_wconf 85' lang='lat' dir='ltr'><strong>castris3</strong></span> <span class='ocrx_word' id='word_1_158' title='bbox 1512 2796 1647 2850; x_wconf 90' lang='lat' dir='ltr'><strong>nec</strong></span> <span class='ocrx_word' id='word_1_159' title='bbox 1699 2780 1948 2850; x_wconf 86' lang='lat' dir='ltr'><strong>tamen</strong></span> <span class='ocrx_word' id='word_1_160' title='bbox 1999 2775 2243 2850; x_wconf 83' lang='lat' dir='ltr'><strong>Caesar</strong></span> <span class='ocrx_word' id='word_1_161' title='bbox 2292 2776 2910 2851; x_wconf 87' lang='lat' dir='ltr'><strong>clementissimus</strong></span> <span class='ocrx_word' id='word_1_162' title='bbox 2965 2775 3197 2852; x_wconf 81' lang='lat' dir='ltr'><strong>voluit</strong></span> <span class='ocrx_word' id='word_1_163' title='bbox 3241 2769 3324 2844; x_wconf 87' lang='lat' dir='ltr'><strong>si-</strong></span> 
     </span>
     <span class='ocr_line' id='line_1_21' title="bbox 988 2892 3327 2994; baseline -0.005 -22"><span class='ocrx_word' id='word_1_164' title='bbox 988 2897 1160 2972; x_wconf 90' lang='lat' dir='ltr'><strong>mile</strong></span> <span class='ocrx_word' id='word_1_165' title='bbox 1209 2895 1367 2971; x_wconf 84' lang='lat' dir='ltr'><strong>fieri</strong></span> <span class='ocrx_word' id='word_1_166' title='bbox 1421 2894 1696 2969; x_wconf 90' lang='lat' dir='ltr'><strong>in·suis</strong></span> <span class='ocrx_word' id='word_1_167' title='bbox 1746 2895 2025 2988; x_wconf 80' lang='lat' dir='ltr'><strong>castriS,</strong></span> <span class='ocrx_word' id='word_1_168' title='bbox 2081 2895 2230 2969; x_wconf 87' lang='lat' dir='ltr'><strong>imo</strong></span> <span class='ocrx_word' id='word_1_169' title='bbox 2271 2902 2523 2990; x_wconf 89' lang='lat' dir='ltr'><strong>postea</strong></span> <span class='ocrx_word' id='word_1_170' title='bbox 2574 2896 2707 2971; x_wconf 89' lang='lat' dir='ltr'><strong>illis</strong></span> <span class='ocrx_word' id='word_1_171' title='bbox 2758 2892 3327 2994; x_wconf 85' lang='lat' dir='ltr'><strong>supplicantibus</strong></span> 
     </span>
     <span class='ocr_line' id='line_1_22' title="bbox 982 3010 3326 3112; baseline -0.005 -20"><span class='ocrx_word' id='word_1_172' title='bbox 982 3037 1242 3112; x_wconf 88' lang='lat' dir='ltr'><strong>pacem</strong></span> <span class='ocrx_word' id='word_1_173' title='bbox 1294 3014 1490 3089; x_wconf 88' lang='lat' dir='ltr'><strong>dedit</strong></span> <span class='ocrx_word' id='word_1_174' title='bbox 1540 3020 1614 3089; x_wconf 89' lang='lat' dir='ltr'><strong>et</strong></span> <span class='ocrx_word' id='word_1_175' title='bbox 1667 3014 1958 3088; x_wconf 89' lang='lat' dir='ltr'><strong>veniam</strong></span> <span class='ocrx_word' id='word_1_176' title='bbox 2013 3035 2183 3089; x_wconf 91' lang='lat' dir='ltr'><strong>cum</strong></span> <span class='ocrx_word' id='word_1_177' title='bbox 2239 3015 2336 3088; x_wconf 91' lang='lat' dir='ltr'><strong>illi</strong></span> <span class='ocrx_word' id='word_1_178' title='bbox 2379 3017 2538 3111; x_wconf 87' lang='lat' dir='ltr'><strong>jam</strong></span> <span class='ocrx_word' id='word_1_179' title='bbox 2596 3038 2729 3112; x_wconf 90' lang='lat' dir='ltr'><strong>per</strong></span> <span class='ocrx_word' id='word_1_180' title='bbox 2782 3024 3120 3111; x_wconf 89' lang='lat' dir='ltr'><strong>quatuor</strong></span> <span class='ocrx_word' id='word_1_181' title='bbox 3185 3010 3326 3085; x_wconf 88' lang='lat' dir='ltr'><strong>dies</strong></span> 
     </span>
     <span class='ocr_line' id='line_1_23' title="bbox 974 3132 3327 3234; baseline -0 -24"><span class='ocrx_word' id='word_1_182' title='bbox 974 3135 1258 3231; x_wconf 85' lang='lat' dir='ltr'><strong>jeiunio</strong></span> <span class='ocrx_word' id='word_1_183' title='bbox 1328 3133 1569 3208; x_wconf 84' lang='lat' dir='ltr'><strong>affecti</strong></span> <span class='ocrx_word' id='word_1_184' title='bbox 1637 3141 1899 3210; x_wconf 89' lang='lat' dir='ltr'><strong>essent.</strong></span> <span class='ocrx_word' id='word_1_185' title='bbox 1969 3135 2154 3210; x_wconf 88' lang='lat' dir='ltr'><strong>Dicit</strong></span> <span class='ocrx_word' id='word_1_186' title='bbox 2219 3157 2446 3232; x_wconf 85' lang='lat' dir='ltr'><strong>ergo:</strong></span> <span class='ocrx_word' id='word_1_187' title='bbox 2499 3134 2698 3211; x_wconf 70' lang='lat' dir='ltr'><strong>iuver</strong></span> <span class='ocrx_word' id='word_1_188' title='bbox 2750 3141 2824 3210; x_wconf 84' lang='lat' dir='ltr'><strong>la</strong></span> <span class='ocrx_word' id='word_1_189' title='bbox 2875 3144 3182 3234; x_wconf 72' lang='lat' dir='ltr'><strong>Spaqna</strong></span> <span class='ocrx_word' id='word_1_190' title='bbox 3232 3132 3327 3202; x_wconf 77' lang='lat' dir='ltr'><strong>ri-</strong></span> 
     </span>
     <span class='ocr_line' id='line_1_24' title="bbox 986 3254 3321 3354; baseline -0.002 -27"><span class='ocrx_word' id='word_1_191' title='bbox 986 3257 1172 3327; x_wconf 80' lang='lat' dir='ltr'><strong>volse</strong></span> <span class='ocrx_word' id='word_1_192' title='bbox 1234 3257 1305 3328; x_wconf 88' lang='lat' dir='ltr'><strong>lo</strong></span> <span class='ocrx_word' id='word_1_193' title='bbox 1359 3256 1608 3347; x_wconf 81' lang='lat' dir='ltr'><strong>stuolo,</strong></span> <span class='ocrx_word' id='word_1_194' title='bbox 1682 3254 1887 3347; x_wconf 89' lang='lat' dir='ltr'><strong>idest,</strong></span> <span class='ocrx_word' id='word_1_195' title='bbox 1959 3255 2132 3330; x_wconf 88' lang='lat' dir='ltr'><strong>illud</strong></span> <span class='ocrx_word' id='word_1_196' title='bbox 2201 3257 2493 3354; x_wconf 83' lang='lat' dir='ltr'><strong>signum</strong></span> <span class='ocrx_word' id='word_1_197' title='bbox 2562 3259 2853 3333; x_wconf 87' lang='lat' dir='ltr'><strong>reduxit</strong></span> <span class='ocrx_word' id='word_1_198' title='bbox 2922 3254 3321 3336; x_wconf 82' lang='lat' dir='ltr'><strong>exercitum</strong></span> 
     </span>
     <span class='ocr_line' id='line_1_25' title="bbox 984 3373 3319 3475; baseline -0.002 -27"><span class='ocrx_word' id='word_1_199' title='bbox 984 3373 1058 3450; x_wconf 89' lang='lat' dir='ltr'><strong>in</strong></span> <span class='ocrx_word' id='word_1_200' title='bbox 1124 3373 1563 3467; x_wconf 86' lang='lat' dir='ltr'><strong>Hispaniam,</strong></span> <span class='ocrx_word' id='word_1_201' title='bbox 1630 3394 1854 3467; x_wconf 90' lang='lat' dir='ltr'><strong>quam</strong></span> <span class='ocrx_word' id='word_1_202' title='bbox 1922 3382 2152 3450; x_wconf 90' lang='lat' dir='ltr'><strong>totam</strong></span> <span class='ocrx_word' id='word_1_203' title='bbox 2220 3377 2643 3473; x_wconf 85' lang='lat' dir='ltr'><strong>subiugavit</strong></span> <span class='ocrx_word' id='word_1_204' title='bbox 2709 3379 2950 3475; x_wconf 89' lang='lat' dir='ltr'><strong>spatio</strong></span> <span class='ocrx_word' id='word_1_205' title='bbox 3012 3374 3319 3473; x_wconf 87' lang='lat' dir='ltr'><strong>quadra-</strong></span> 
     </span>
     <span class='ocr_line' id='line_1_26' title="bbox 980 3492 3320 3595; baseline -0 -29"><span class='ocrx_word' id='word_1_206' title='bbox 980 3492 1179 3589; x_wconf 79' lang='lat' dir='ltr'><strong>ginta</strong></span> <span class='ocrx_word' id='word_1_207' title='bbox 1229 3492 1550 3568; x_wconf 87' lang='lat' dir='ltr'><strong>dierum:</strong></span> <span class='ocrx_word' id='word_1_208' title='bbox 1606 3492 1767 3568; x_wconf 91' lang='lat' dir='ltr'><strong>ideo</strong></span> <span class='ocrx_word' id='word_1_209' title='bbox 1814 3495 2004 3570; x_wconf 92' lang='lat' dir='ltr'><strong>bene</strong></span> <span class='ocrx_word' id='word_1_210' title='bbox 2053 3517 2227 3571; x_wconf 91' lang='lat' dir='ltr'><strong>cum</strong></span> <span class='ocrx_word' id='word_1_211' title='bbox 2281 3497 2421 3571; x_wconf 92' lang='lat' dir='ltr'><strong>iret</strong></span> <span class='ocrx_word' id='word_1_212' title='bbox 2470 3497 2543 3571; x_wconf 91' lang='lat' dir='ltr'><strong>in</strong></span> <span class='ocrx_word' id='word_1_213' title='bbox 2593 3499 3017 3595; x_wconf 85' lang='lat' dir='ltr'><strong>Hispaniam</strong></span> <span class='ocrx_word' id='word_1_214' title='bbox 3076 3492 3320 3594; x_wconf 84' lang='lat' dir='ltr'><strong>praedi-</strong></span> 
     </span>
     <span class='ocr_line' id='line_1_27' title="bbox 984 3607 3314 3711; baseline -0.001 -23"><span class='ocrx_word' id='word_1_215' title='bbox 984 3620 1197 3688; x_wconf 84' lang='lat' dir='ltr'><strong>xerat</strong></span> <span class='ocrx_word' id='word_1_216' title='bbox 1243 3634 1323 3687; x_wconf 90' lang='lat' dir='ltr'><strong>se</strong></span> <span class='ocrx_word' id='word_1_217' title='bbox 1374 3612 1484 3687; x_wconf 91' lang='lat' dir='ltr'><strong>ire</strong></span> <span class='ocrx_word' id='word_1_218' title='bbox 1532 3613 1624 3687; x_wconf 91' lang='lat' dir='ltr'><strong>ad</strong></span> <span class='ocrx_word' id='word_1_219' title='bbox 1676 3613 2086 3688; x_wconf 85' lang='lat' dir='ltr'><strong>exercitum</strong></span> <span class='ocrx_word' id='word_1_220' title='bbox 2156 3616 2313 3691; x_wconf 91' lang='lat' dir='ltr'><strong>sine</strong></span> <span class='ocrx_word' id='word_1_221' title='bbox 2371 3616 2585 3711; x_wconf 88' lang='lat' dir='ltr'><strong>duce,</strong></span> <span class='ocrx_word' id='word_1_222' title='bbox 2637 3626 2712 3693; x_wconf 88' lang='lat' dir='ltr'><strong>et</strong></span> <span class='ocrx_word' id='word_1_223' title='bbox 2763 3619 3185 3694; x_wconf 90' lang='lat' dir='ltr'><strong>rediturum</strong></span> <span class='ocrx_word' id='word_1_224' title='bbox 3231 3607 3314 3686; x_wconf 88' lang='lat' dir='ltr'><strong>ad</strong></span> 
     </span>
     <span class='ocr_line' id='line_1_28' title="bbox 982 3731 3312 3814; baseline -0.001 -8"><span class='ocrx_word' id='word_1_225' title='bbox 982 3733 1248 3806; x_wconf 91' lang='lat' dir='ltr'><strong>ducem</strong></span> <span class='ocrx_word' id='word_1_226' title='bbox 1302 3731 1456 3806; x_wconf 91' lang='lat' dir='ltr'><strong>sine</strong></span> <span class='ocrx_word' id='word_1_227' title='bbox 1506 3732 2134 3808; x_wconf 83' lang='lat' dir='ltr'><strong>exercitu.-Poi</strong></span> <span class='ocrx_word' id='word_1_228' title='bbox 2168 3732 2288 3809; x_wconf 64' lang='lat' dir='ltr'><strong>ver</strong></span> <span class='ocrx_word' id='word_1_229' title='bbox 2317 3741 2692 3811; x_wconf 65' lang='lat' dir='ltr'><strong>&#39;Durazza</strong></span> <span class='ocrx_word' id='word_1_230' title='bbox 2728 3739 2941 3814; x_wconf 91' lang='lat' dir='ltr'><strong>Nunc</strong></span> <span class='ocrx_word' id='word_1_231' title='bbox 2983 3732 3312 3814; x_wconf 84' lang='lat' dir='ltr'><strong>Justinia-</strong></span> 
     </span>
     <span class='ocr_line' id='line_1_29' title="bbox 983 3848 3308 3952; baseline -0 -26"><span class='ocrx_word' id='word_1_232' title='bbox 983 3875 1122 3928; x_wconf 91' lang='lat' dir='ltr'><strong>nus</strong></span> <span class='ocrx_word' id='word_1_233' title='bbox 1156 3852 1386 3949; x_wconf 82' lang='lat' dir='ltr'><strong>tangit</strong></span> <span class='ocrx_word' id='word_1_234' title='bbox 1435 3853 1624 3929; x_wconf 91' lang='lat' dir='ltr'><strong>bella</strong></span> <span class='ocrx_word' id='word_1_235' title='bbox 1661 3853 1965 3929; x_wconf 79' lang='lat' dir='ltr'><strong>Caesaris</strong></span> <span class='ocrx_word' id='word_1_236' title='bbox 2007 3862 2261 3930; x_wconf 90' lang='lat' dir='ltr'><strong>contra</strong></span> <span class='ocrx_word' id='word_1_237' title='bbox 2300 3857 2729 3952; x_wconf 90' lang='lat' dir='ltr'><strong>Pompeium</strong></span> <span class='ocrx_word' id='word_1_238' title='bbox 2766 3858 2837 3932; x_wconf 92' lang='lat' dir='ltr'><strong>in</strong></span> <span class='ocrx_word' id='word_1_239' title='bbox 2876 3858 3195 3934; x_wconf 85' lang='lat' dir='ltr'><strong>Graecia:</strong></span> <span class='ocrx_word' id='word_1_240' title='bbox 3227 3848 3308 3925; x_wconf 86' lang='lat' dir='ltr'><strong>ad</strong></span> 
     </span>
     <span class='ocr_line' id='line_1_30' title="bbox 977 3972 3307 4070; baseline -0.003 -23"><span class='ocrx_word' id='word_1_241' title='bbox 977 3994 1299 4067; x_wconf 86' lang='lat' dir='ltr'><strong>quorum</strong></span> <span class='ocrx_word' id='word_1_242' title='bbox 1354 3972 1847 4068; x_wconf 83' lang='lat' dir='ltr'><strong>cognitionem</strong></span> <span class='ocrx_word' id='word_1_243' title='bbox 1906 3980 2016 4048; x_wconf 92' lang='lat' dir='ltr'><strong>est</strong></span> <span class='ocrx_word' id='word_1_244' title='bbox 2080 3975 2459 4050; x_wconf 91' lang='lat' dir='ltr'><strong>sciendum</strong></span> <span class='ocrx_word' id='word_1_245' title='bbox 2526 3978 2725 4070; x_wconf 84' lang='lat' dir='ltr'><strong>quod</strong></span> <span class='ocrx_word' id='word_1_246' title='bbox 2783 3979 3033 4056; x_wconf 85' lang='lat' dir='ltr'><strong>Caesar</strong></span> <span class='ocrx_word' id='word_1_247' title='bbox 3092 3975 3307 4051; x_wconf 86' lang='lat' dir='ltr'><strong>victor</strong></span> 
     </span>
     <span class='ocr_line' id='line_1_31' title="bbox 977 4090 3306 4193; baseline 0.003 -28"><span class='ocrx_word' id='word_1_248' title='bbox 977 4092 1334 4187; x_wconf 84' lang='lat' dir='ltr'><strong>Hispaniae</strong></span> <span class='ocrx_word' id='word_1_249' title='bbox 1388 4113 1730 4168; x_wconf 90' lang='lat' dir='ltr'><strong>reversus</strong></span> <span class='ocrx_word' id='word_1_250' title='bbox 1781 4094 1854 4166; x_wconf 93' lang='lat' dir='ltr'><strong>in</strong></span> <span class='ocrx_word' id='word_1_251' title='bbox 1905 4094 2182 4169; x_wconf 88' lang='lat' dir='ltr'><strong>Italiam</strong></span> <span class='ocrx_word' id='word_1_252' title='bbox 2238 4117 2508 4193; x_wconf 84' lang='lat' dir='ltr'><strong>magno</strong></span> <span class='ocrx_word' id='word_1_253' title='bbox 2559 4098 2826 4174; x_wconf 90' lang='lat' dir='ltr'><strong>ardore</strong></span> <span class='ocrx_word' id='word_1_254' title='bbox 2854 4093 2926 4192; x_wconf 79' lang='lat'><strong>(¹)</strong></span> <span class='ocrx_word' id='word_1_255' title='bbox 2968 4117 3140 4176; x_wconf 88' lang='lat' dir='ltr'><strong>cum</strong></span> <span class='ocrx_word' id='word_1_256' title='bbox 3190 4090 3306 4165; x_wconf 76' lang='lat' dir='ltr'><strong>de·</strong></span> 
     </span>
     <span class='ocr_line' id='line_1_32' title="bbox 977 4211 3302 4315; baseline 0.002 -31"><span class='ocrx_word' id='word_1_257' title='bbox 977 4211 1241 4288; x_wconf 90' lang='lat' dir='ltr'><strong>siderio</strong></span> <span class='ocrx_word' id='word_1_258' title='bbox 1291 4211 1603 4286; x_wconf 85' lang='lat' dir='ltr'><strong>bellandi</strong></span> <span class='ocrx_word' id='word_1_259' title='bbox 1657 4233 1787 4308; x_wconf 93' lang='lat' dir='ltr'><strong>per</strong></span> <span class='ocrx_word' id='word_1_260' title='bbox 1839 4214 2116 4288; x_wconf 89' lang='lat' dir='ltr'><strong>medias</strong></span> <span class='ocrx_word' id='word_1_261' title='bbox 2169 4221 2637 4309; x_wconf 87' lang='lat' dir='ltr'><strong>tempestates</strong></span> <span class='ocrx_word' id='word_1_262' title='bbox 2687 4227 2762 4294; x_wconf 91' lang='lat' dir='ltr'><strong>et</strong></span> <span class='ocrx_word' id='word_1_263' title='bbox 2811 4241 3041 4315; x_wconf 83' lang='lat' dir='ltr'><strong>parva</strong></span> <span class='ocrx_word' id='word_1_264' title='bbox 3089 4216 3302 4291; x_wconf 81' lang='lat' dir='ltr'><strong>classe</strong></span> 
     </span>
     <span class='ocr_line' id='line_1_33' title="bbox 974 4329 3300 4435; baseline 0 -32"><span class='ocrx_word' id='word_1_265' title='bbox 974 4351 1021 4403; x_wconf 92' lang='lat' dir='ltr'><strong>a</strong></span> <span class='ocrx_word' id='word_1_266' title='bbox 1070 4329 1482 4404; x_wconf 90' lang='lat' dir='ltr'><strong>Brundusio</strong></span> <span class='ocrx_word' id='word_1_267' title='bbox 1533 4331 1865 4405; x_wconf 87' lang='lat' dir='ltr'><strong>transivit</strong></span> <span class='ocrx_word' id='word_1_268' title='bbox 1915 4333 1991 4406; x_wconf 91' lang='lat' dir='ltr'><strong>in</strong></span> <span class='ocrx_word' id='word_1_269' title='bbox 2039 4332 2398 4408; x_wconf 85' lang='lat' dir='ltr'><strong>Graeciam</strong></span> <span class='ocrx_word' id='word_1_270' title='bbox 2434 4342 2509 4411; x_wconf 92' lang='lat' dir='ltr'><strong>et</strong></span> <span class='ocrx_word' id='word_1_271' title='bbox 2542 4337 2616 4411; x_wconf 92' lang='lat' dir='ltr'><strong>in</strong></span> <span class='ocrx_word' id='word_1_272' title='bbox 2651 4340 2869 4434; x_wconf 90' lang='lat' dir='ltr'><strong>Epiro</strong></span> <span class='ocrx_word' id='word_1_273' title='bbox 2919 4337 3156 4435; x_wconf 88' lang='lat' dir='ltr'><strong>posuit</strong></span> <span class='ocrx_word' id='word_1_274' title='bbox 3187 4349 3300 4405; x_wconf 84' lang='lat' dir='ltr'><strong>ca-</strong></span> 
     </span>
    </p>
   </div>
   <div class='ocr_carea' id='block_1_3' title="bbox 1101 4586 1845 4652">
    <p class='ocr_par' dir='ltr' id='par_1_3' title="bbox 1101 4586 1845 4652">
     <span class='ocr_line' id='line_1_34' title="bbox 1101 4586 1845 4652; baseline -0.001 -12"><span class='ocrx_word' id='word_1_275' title='bbox 1101 4588 1154 4652; x_wconf 87' lang='lat'><strong>(¹)</strong></span> <span class='ocrx_word' id='word_1_276' title='bbox 1186 4587 1248 4638; x_wconf 86' lang='lat' dir='ltr'><strong>E.</strong></span> <span class='ocrx_word' id='word_1_277' title='bbox 1274 4586 1461 4637; x_wconf 77' lang='lat' dir='ltr'><strong>ardore</strong></span> <span class='ocrx_word' id='word_1_278' title='bbox 1490 4593 1545 4639; x_wconf 85' lang='lat' dir='ltr'><strong>et</strong></span> <span class='ocrx_word' id='word_1_279' title='bbox 1576 4587 1845 4639; x_wconf 71' lang='lat' dir='ltr'><strong>desiderio.</strong></span> 
     </span>
    </p>
   </div>
  </div>
 </body>
</html>
