3734 5567
1121 469 1400 526 CAN-rus
1448 472 1882 528 ‘nuensmns
1932 472 2255 527 TER-rius.
2373 451 2381 458 '
2716 460 2852 528 281

519 619 819 695 rationis
871 635 1042 710 quae
1081 615 1361 710 jndicat
1411 622 1482 690 et
1534 616 1709 712 ligat
1758 616 1850 691 ad
1913 616 2325 691 faciendum
2379 616 2496 690 vel
2548 637 2693 691 non
2753 618 2861 691 fa·-

517 738 879 814 ciendum.
932 736 1022 808 Et
1071 734 1312 809 subdit
1343 741 1560 830 poeta
1603 735 2152 831 responsionem
2197 735 2546 810 Beatricis
2576 728 2651 828 (¹)
2694 735 2863 809 irri-

516 857 750 933 dentis
771 856 1050 931 dictum
1076 875 1295 928 suum
1325 859 1399 929 et
1431 855 1803 950 probantis
1829 854 2026 950 quod
2055 854 2396 949 deliquit3
2425 854 2623 930 unde
2645 854 2861 930 dicit:

520 1000 558 1052 e
585 979 879 1070 dspose,
914 975 1036 1049 illa
1069 973 1386 1068 Beatrix,
1412 977 1858 1068 sor-ridenda,
1888 995 1963 1047 se
2002 982 2073 1046 tu
2111 977 2447 1047 n‘cordar
2484 995 2630 1047 non
2670 980 2731 1046 te
2769 995 2859 1047 ne

511 1101 709 1192 puni,
734 1096 908 1190 quia
942 1094 1353 1170 recordatio
1379 1101 1490 1169 est
1515 1094 1607 1170 de
1633 1114 1717 1169 re
1750 1094 1966 1188 bona,
1995 1115 2084 1166 or
2118 1097 2167 1167 ti
2196 1102 2621 1185 mmmmm,
2649 1094 2858 1190 idest,

521 1215 934 1308 recordare,
975 1207 1036 1287 εὶ
1080 1234 1274 1287 come
1316 1213 1575 1287 bevesce
1623 1215 1699 1287 di
1747 1217 1903 1286 Lete
1951 1215 2183 1305 ancoi,
2228 1214 2522 1306 quando
2564 1233 2856 1289 mersus

520 1335 710 1411 fuisti
734 1356 781 1409 a
805 1334 1120 1409 Mathildi
1147 1334 1222 1408 in
1246 1354 1518 1428 aquam
1548 1333 1730 1427 eius,
1749 1333 1962 1407 cuius
1988 1332 2184 1427 potio
2210 1333 2392 1408 tollit
2419 1334 2853 1409 memoriam

519 1459 1012 1551 peccatorum.
1067 1455 1155 1527 Et
1202 1452 1447 1549 arguit
1496 1474 1543 1529 a
1592 1452 2087 1527 communiter
2129 1452 2623 1528 accidentibus
2658 1454 2855 1548 quod

519 1574 787 1649 oblivio
835 1572 1113 1669 peccati
1165 1571 1659 1668 praesupponit
1706 1577 2009 1668 peccatu
2019 1593 2117 1666 m,
2167 1571 2453 1646 dicens:
2519 1594 2557 1645 e
2604 1579 2858 1646 cotes-ta

519 1694 882 1784 oblivione,
935 1691 1296 1788 generalis
1345 1691 1680 1766 omnium
1747 1692 2141 1785 malorum,
2193 1693 2564 1765 ooncldude
2611 1694 2857 1766 chiara

520 1816 749 1906 velpa,
799 1811 1006 1906 idest,
1056 1817 1440 1906 peccatum
1494 1810 1738 1905 fuisse,
1788 1813 1977 1884 nella
2016 1818 2136 1884 tua
2170 1815 2406 1902 voqlia
2451 1818 2712 1886 attenta
2742 1815 2857 1886 al-

520 1938 742 2022 trove,
778 1928 1068 2024 scilicet,
1102 1929 1178 2003 in
1226 1929 1383 2003 aliis
1432 1928 1770 2023 scientiiS,
1801 1950 1878 2002 se
1922 1932 2053 2003 dal
2091 1934 2289 2025 sumo
2322 1934 2532 2025 succo
2563 1935 2621 2005 ε’
2632 1952 2859 2022 aryc-

520 2058 777 2142 Μία,
827 2049 1031 2144 idest,
1080 2050 1422 2147 arguitur
1470 2070 1516 2124 a
1567 2049 2063 2124 communiter
2101 2049 2616 2125 accidentibus,
2654 2051 2859 2126 Unde

518 2169 685 2245 vide
734 2168 930 2264 quod
981 2169 1274 2244 Beatrix
1326 2168 1649 2244 breviter
1697 2168 1945 2266 arguit
1985 2168 2123 2242 sic:
2157 2169 2385 2244 Lethe
2416 2190 2463 2245 a
2496 2168 2860 2245 memoria

518 2289 784 2365 delevit
836 2289 1035 2382 quod
1084 2295 1243 2363 erat
1294 2288 1367 2361 in
1417 2288 1656 2383 culpa,
1704 2288 1764 2361 si
1812 2308 1997 2384 ergo
2054 2288 2321 2365 delevit
2372 2290 2532 2384 hoc,
2584 2290 2721 2364 suit
2784 2289 2859 2365 in

519 2410 768 2505 culpa3
821 2409 1009 2482 sicut
1058 2408 1406 2482 dicimus:
1460 2407 1521 2481 si
1569 2414 1680 2482 est
1731 2407 2003 2503 fumuS,
2044 2414 2156 2483 est
2190 2408 2308 2484 vel
2356 2409 2493 2482 fuit
2525 2407 2731 2506 ignis.
2767 2408 2858 2482 Et

519 2528 615 2603 ad
662 2528 1292 2603 confirmationem
1343 2533 1580 2624 poetae
1628 2527 1704 2602 in
1752 2527 2025 2602 bonam
2076 2549 2280 2623 spem
2333 2529 2624 2602 Beatrix
2676 2549 2850 2623 pro-

520 2646 737 2721 mittit
761 2646 854 2721 de
878 2651 1149 2721 caetero
1175 2666 1255 2721 se
1277 2647 1757 2740 loquuturam
1786 2647 2007 2741 clare,
2024 2653 2098 2722 et
2125 2666 2271 2720 non
2296 2646 2436 2720 sub
2459 2648 2853 2744 aenigmate

519 2766 706 2841 sicut
764 2764 933 2841 fecit
991 2766 1396 2860 hucusque.
1468 2765 1653 2841 Dicit
1723 2786 1959 2863 ergo:
2030 2773 2449 2857 veramente,
2516 2765 2858 2860 quamvis

521 2906 758 2982 usque
807 2905 1005 2960 nunc
1052 2884 1360 2961 dixerim
1424 2885 1554 2959 tibi
1614 2886 1954 2980 obscura,
2007 2888 2069 2959 le
2117 2888 2250 2959 mie
2288 2888 2545 2978 parole
2593 2887 2850 2977 ormai,

518 3006 809 3100 scilicet,
861 3025 993 3100 per
1056 3011 1297 3080 totum
1346 3006 1768 3101 paradisum
1831 3005 2199 3100 loquendo
2249 3005 2343 3081 de
2399 3005 2680 3100 diviniS,
2730 3025 2853 3079 sa-

518 3146 752 3199 ramo
812 3127 1021 3215 nude,
1072 3124 1276 3218 idest,
1337 3125 1539 3200 clara
1613 3132 1691 3200 et
1754 3132 2034 3220 aperta⁹
2093 3124 2251 3200 sine
2301 3124 2712 3220 velamine3
2787 3131 2864 3200 et

523 3244 889 3340 restringit
936 3243 1208 3319 dictum
1262 3265 1510 3339 suum,
1552 3244 1837 3320 dicens:
1890 3250 2151 3338 quanto
2200 3248 2649 3320 converrassi
2688 3267 2857 3321 sco-

513 3366 677 3456 prir
749 3366 989 3455 quelle,
1059 3361 1330 3439 scilicet
1391 3364 1644 3459 verba,
1711 3367 1857 3439 alla
1932 3372 2052 3439 ινα
2116 3367 2297 3439 vista
2368 3368 2572 3457 rude,
2648 3365 2859 3460 idest,

520 3481 913 3557 intellectui
979 3501 1269 3578 grosso,
1337 3481 1548 3575 quasi
1610 3482 1824 3578 dicat,
1895 3483 2301 3558 secundum
2371 3484 2851 3579 capacitatem

519 3603 862 3676 humanae
911 3602 1174 3678 mentis
1222 3600 1553 3676 infirmae.

662 3727 730 3796 E
765 3717 890 3815 pi&
937 3741 1292 3796 ooo-rusco.
1342 3721 1486 3796 Ista
1537 3727 1648 3798 est
1683 3728 1955 3816 quarta
2005 3727 2079 3798 et
2132 3721 2388 3797 ultima
2420 3743 2592 3818 pars
2625 3742 2856 3820 gene-

517 3841 688 3916 ralis
737 3841 960 3917 huius
1011 3840 1248 3915 ultimi
1297 3840 1614 3936 capituli,
1648 3841 1724 3914 in
1757 3861 1908 3934 qua
1938 3847 2153 3936 poeta
2186 3840 2499 3916 ostendit
2540 3842 2859 3936 qualiter

515 3960 933 4057 pervenerit
977 3960 1072 4035 ad
1125 3959 1459 4035 ultimam
1516 3960 2070 4053 acquisitionem
2139 3960 2478 4056 perfectae
2543 3960 2855 4037 virtutis.

515 4079 605 4153 Et
669 4080 930 4175 prime,
981 4086 1065 4154 ut
1113 4079 1462 4176 procedat
1523 4080 1786 4157 ordine
1854 4101 2149 4177 magne,
2200 4080 2541 4156 describit
2590 4081 2853 4156 horam

517 4199 886 4293 temporis,
938 4199 1111 4294 quia
1162 4199 1432 4275 scilicet
1479 4199 1589 4276 sol
1633 4206 1799 4276 erat
1849 4199 2043 4275 altus
2076 4207 2153 4276 et
2190 4200 2456 4276 ardens
2502 4201 2580 4277 in
2630 4202 2856 4278 meri-

517 4314 657 4410 die,
693 4317 986 4409 quande
1034 4318 1365 4414 pervenit
1396 4319 1491 4394 ad
1524 4319 1868 4393 ultimum
1907 4320 2308 4395 terminum
2352 4321 2664 4418 virtutis,
2701 4343 2849 4417 qua

639 4579 696 4645 (¹)
728 4581 789 4633 Β.
820 4580 1068 4633 numen
1096 4583 1451 4648 monum-u·
1481 4582 1546 4634 aa
1575 4581 1791 4633 anetum.
