3734 5567
1103 477 1379 532 camus
1427 477 1859 531 'rmesssmus
1908 476 2296 532 SECUNDUS·
2729 466 2871 533 263

540 627 655 700 lus
704 627 1144 718 sequeretur
1193 619 1521 714 effectus,
1561 627 1649 694 ut
1680 619 1948 694 dicitur
1996 619 2314 694 Paradisi
2354 620 2670 715 capitulo
2704 622 2881 716 XX3

542 744 739 819 unde
789 742 1067 817 subdit:
1122 764 1159 815 e
1210 744 1253 813 l'
1272 762 1418 813 una
1465 762 1502 813 e
1552 744 1595 813 l'
1621 743 1812 813 altra
1845 747 2056 813 ruola
2081 743 2300 833 suune
2338 744 2717 833 ric-operta,
2764 741 2885 815 illa

542 865 733 957 dote,
760 886 799 937 e
828 866 884 936 il
911 870 1114 952 tem0,
1147 860 1365 934 simul
1399 881 1573 934 cum
1612 859 1787 934 rotis
1822 860 1957 933 suit
1995 867 2488 956 recoopertus»,
2526 862 2736 955 quasi
2772 861 2886 935 di-

541 990 697 1059 cat:
751 989 902 1057 tota
953 980 1259 1056 ecclesia
1318 980 1753 1074 locupletata
1816 985 1949 1072 est,
2000 984 2076 1052 in
2143 987 2361 1070 tante,
2412 980 2618 1074 idest,
2669 982 2883 1056 valde

546 1102 918 1176 modicum
955 1121 1129 1174 cum
1164 1100 1284 1174 illa
1318 1100 1509 1174 bona
1545 1098 1970 1193 intentione,
1997 1101 2116 1171 che
2145 1095 2269 1192 pit)
2309 1103 2482 1174 tiene
2519 1120 2617 1172 un
2654 1103 2889 1193 sospir

547 1226 621 1295 la
653 1222 862 1293 bocca
912 1226 1186 1312 aperta,
1233 1219 1442 1312 quasi
1478 1217 1703 1292 dicat:
1741 1238 1971 1313 parvo
2016 1226 2410 1293 momento.
2440 1225 2621 1292 -E
2650 1227 2891 1292 trans-

541 1344 873 1434 formata
927 1339 1058 1412 Hic
1108 1343 1324 1434 poeta
1375 1336 1717 1411 describit
1765 1337 1907 1410 sub
1957 1337 2256 1411 terribili
2312 1337 2552 1434 figura
2605 1339 2882 1413 malum

546 1459 891 1535 effectum
946 1458 1166 1531 huius
1216 1456 1626 1551 dotationiS,
1686 1456 1859 1550 quia
1921 1477 2189 1530 currus
2239 1457 2474 1532 factus
2525 1465 2635 1533 est
2687 1460 2890 1534 velut

546 1578 820 1655 animal
872 1583 1425 1652 monstruosum
1461 1576 1738 1651 habens
1781 1577 2011 1650 multa
2049 1577 2283 1672 capita
2318 1584 2394 1652 et
2429 1599 2741 1673 cornua3
2777 1580 2887 1654 di-

550 1700 646 1775 cit
672 1719 853 1796 ergo
882 1724 900 1771 :
930 1701 1069 1771 Eil
1098 1700 1327 1790 dim-io
1361 1704 1595 1787 santo,
1624 1696 1829 1790 idest,
1866 1717 2136 1770 currus
2169 1697 2565 1772 fabricatus
2591 1706 2697 1773 tot
2722 1720 2892 1774 san-

552 1826 841 1895 ctorum
898 1818 1234 1893 manibus
1285 1818 1812 1912 prophetarum
1851 1824 1926 1891 et
1959 1817 2601 1913 evangelistarum,
2652 1827 2893 1893 trans-

546 1944 860 2034 formato
909 1931 1074 2029 cosi,
1126 1938 1298 2032 quia
1339 1958 1430 2011 ex
1468 1956 1795 2031 paupere
1829 1937 2082 2010 habitu
2135 1937 2209 2011 in
2258 1936 2553 2012 divitem
2609 1940 2892 2013 cultum

552 2062 721 2133 mise
760 2062 930 2152 fuor
979 2065 1166 2148 teste,
1206 2056 1410 2151 idest,
1445 2063 1723 2151 septem
1768 2062 2065 2151 peccata
2120 2058 2453 2131 mortalia
2505 2078 2673 2151 quae
2725 2059 2894 2154 pul-

553 2179 790 2252 lulare
839 2183 1224 2272 coeperunt
1275 2176 1349 2249 in
1401 2175 1703 2251 ecclesia
1752 2182 2130 2250 crescente
2177 2175 2369 2268 dote,
2411 2198 2547 2269 per
2598 2180 2660 2250 le
2698 2182 2899 2270 parti

551 2317 671 2369 sue
684 2324 715 2390 ,·
767 2303 842 2371 et
893 2317 1091 2388 ecce,
1144 2303 1249 2368 cre
1297 2316 1518 2388 sopra
1554 2298 1607 2368 'l
1653 2302 1855 2384 teme,
1894 2294 2098 2388 idest,
2143 2294 2654 2389 principalibus
2703 2317 2894 2391 prae-

553 2417 715 2491 latis
779 2415 1201 2513 regentibus
1262 2436 1610 2489 currum:
1673 2415 1811 2490 ista
1869 2421 2039 2488 sunt
2101 2415 2239 2488 tria
2298 2416 2470 2490 vitia
2521 2417 2772 2512 peiora
2824 2422 2898 2491 et

554 2537 788 2631 magis
838 2535 1256 2630 spiritualia,
1299 2535 1590 2628 scilicet,
1631 2535 1999 2629 superbia,
2035 2534 2299 2609 invidia
2355 2542 2431 2609 et
2481 2536 2616 2630 ira,
2657 2544 2724 2608 et
2750 2558 2899 2609 una

553 2657 630 2728 in
678 2658 959 2727 ciascun
1006 2660 1238 2743 canto,
1288 2653 1493 2746 idest,
1545 2654 1741 2747 quod
1795 2659 2117 2747 quatuor
2177 2660 2388 2727 erant
2438 2654 2511 2726 in
2574 2661 2897 2748 quatuor

552 2773 839 2871 angulis
880 2793 1170 2866 curruS‚
1207 2772 1410 2866 idest,
1445 2772 1520 2846 in
1553 2772 1709 2847 aliis
1742 2772 2061 2867 praelatis
2101 2771 2519 2847 sedentibus
2554 2773 2625 2845 in
2662 2794 2898 2847 curru

552 2916 686 2993 per
711 2899 949 2969 totum
984 2914 1028 2967 a
1066 2899 1389 2986 quatuor
1423 2892 1652 2987 plagis
1689 2890 1983 2984 mundi3
2019 2896 2094 2966 et
2126 2893 2262 2965 ista
2297 2899 2510 2967 erant
2541 2892 2683 2967 alia
2710 2914 2900 2986 qua-

556 3021 727 3088 tuor
777 3012 950 3087 vitia
1005 3011 1289 3086 minora
1349 3018 1423 3086 et
1484 3012 1715 3107 magis
1778 3012 2209 3107 corporalia,
2262 3013 2532 3087 scilicet
2596 3012 2897 3107 accidia,

555 3132 888 3225 avaritia,
938 3131 1235 3204 luxuria
1286 3137 1362 3204 et
1410 3132 1621 3227 gula3
1674 3136 1748 3205 et
1799 3132 1940 3205 hoc
1990 3130 2246 3206 ordine
2295 3131 2638 3226 purgavit
2686 3138 2902 3228 poeta

555 3252 692 3326 ista
753 3256 1031 3345 septem
1092 3250 1265 3324 vitia
1333 3249 1521 3323 sicut
1588 3250 1824 3343 patuit
1910 3270 2042 3345 per
2099 3255 2339 3324 totum
2392 3270 2658 3324 verum
2720 3272 2904 3345 pur-

556 3371 952 3468 gatorium.
1017 3371 1107 3443 Et
1163 3369 1538 3467 distinguit
1595 3368 1782 3446 dicta
1855 3376 2151 3464 peccata
2212 3370 2543 3466 capitalia
2609 3392 2743 3466 per
2799 3371 2901 3446 si-

558 3511 816 3586 gnum,
869 3489 1154 3564 dicens:
1209 3492 1271 3562 le
1310 3493 1569 3582 prime,
1621 3488 1914 3580 scilicet,
1955 3494 2127 3582 tres,
2163 3510 2341 3562 eran
2389 3498 2669 3564 cornute
2706 3513 2899 3565 come

559 3610 712 3700 bue,
782 3609 953 3702 quia
1002 3611 1371 3685 habebant
1419 3608 1570 3683 duo
1638 3608 1876 3703 capita
1942 3607 2275 3682 ferientia
2341 3609 2530 3683 sicut
2560 3604 2635 3701 (¹)
2694 3611 2902 3686 bovis

558 3728 914 3821 indomiti,
975 3729 1147 3822 quia
1213 3728 1487 3803 faciunt
1536 3728 1720 3803 duas
1779 3726 2115 3820 offensa8‚
2175 3726 2468 3821 scilicet,
2528 3730 2602 3803 in
2662 3730 2900 3804 Deum

559 3854 635 3923 et
685 3848 758 3921 in
810 3847 1272 3941 proximum3
1324 3868 1446 3920 ma
1494 3850 1556 3919 le
1604 3853 1885 3939 quactro
1918 3866 2148 3919 avean
2192 3866 2325 3938 per
2367 3848 2605 3938 fronte
2652 3867 2749 3918 un
2796 3850 2909 3919 sol

560 3988 808 4057 corne,
868 3967 1040 4060 quia
1092 3966 1366 4040 faciunt
1418 3965 1650 4060 magis
1685 3964 2054 4054 ⁴offensam
2116 3965 2191 4039 in
2250 3966 2490 4039 Deum
2543 3985 2769 4058 quam
2833 3965 2907 4038 iu

562 4086 1007 4181 proximum,
1043 4085 1211 4160 licet
1242 4085 1490 4160 omnia
1523 4084 1894 4159 offendant
1929 4090 2353 4179 utrumque.
2392 4085 2479 4158 Et
2511 4084 2700 4159 sicut
2737 4089 2907 4159 nata

564 4212 735 4278 sunt
767 4211 1046 4300 septem
1080 4206 1338 4300 capita,
1375 4206 1472 4280 ita
1517 4206 1765 4302 fugata
1800 4209 1973 4277 sunt
2005 4211 2284 4299 septem
2324 4206 2603 4281 lumina
2643 4207 2741 4280 ab
2779 4225 2904 4282 ec-

566 4323 786 4399 clesia
823 4324 989 4417 Dei;
1040 4324 1205 4399 ideo
1253 4324 1656 4399 concludit:
1694 4327 1929 4398 Simile
1961 4332 2226 4397 moscro
2259 4328 2334 4399 in
2368 4329 2546 4398 vista
2579 4329 2723 4399 mai
2753 4346 2899 4399 non

691 4598 750 4660 (¹)
781 4599 887 4654 11⁷,
921 4610 1071 4649 more
1102 4599 1261 4652 bovis.
