<?xml version="1.0" encoding="UTF-8"?>
<!DOCTYPE html PUBLIC "-//W3C//DTD XHTML 1.0 Transitional//EN"
    "http://www.w3.org/TR/xhtml1/DTD/xhtml1-transitional.dtd">
<html xmlns="http://www.w3.org/1999/xhtml" xml:lang="en" lang="en">
 <head>
  <title>
</title>
<meta http-equiv="Content-Type" content="text/html;charset=utf-8" />
  <meta name='ocr-system' content='tesseract 3.04.00' />
  <meta name='ocr-capabilities' content='ocr_page ocr_carea ocr_par ocr_line ocrx_word'/>
</head>
<body>
  <div class='ocr_page' id='page_1' title='image "benevenutideram02lacagoog_0344.png"; bbox 0 0 3734 5567; ppageno 0'>
   <div class='ocr_carea' id='block_1_1' title="bbox 813 493 2391 560">
    <p class='ocr_par' dir='ltr' id='par_1_1' title="bbox 813 493 2391 560">
     <span class='ocr_line' id='line_1_1' title="bbox 813 493 2391 560; baseline -0.009 1"><span class='ocrx_word' id='word_1_1' title='bbox 813 493 954 560; x_wconf 75' lang='lat'><strong>334</strong></span> <span class='ocrx_word' id='word_1_2' title='bbox 1599 497 2009 553; x_wconf 76' lang='lat' dir='ltr'><strong>coMENTUM</strong></span> <span class='ocrx_word' id='word_1_3' title='bbox 2061 495 2391 550; x_wconf 72' lang='lat' dir='ltr'><strong>PAnAmsr</strong></span> 
     </span>
    </p>
   </div>
   <div class='ocr_carea' id='block_1_2' title="bbox 806 632 3162 3863">
    <p class='ocr_par' dir='ltr' id='par_1_2' title="bbox 806 632 3162 3863">
     <span class='ocr_line' id='line_1_2' title="bbox 808 632 3150 736; baseline -0.007 -9"><span class='ocrx_word' id='word_1_4' title='bbox 808 653 1041 727; x_wconf 89' lang='lat' dir='ltr'><strong>altum</strong></span> <span class='ocrx_word' id='word_1_5' title='bbox 1069 653 1180 723; x_wconf 90' lang='lat' dir='ltr'><strong>est</strong></span> <span class='ocrx_word' id='word_1_6' title='bbox 1204 647 1302 721; x_wconf 92' lang='lat' dir='ltr'><strong>ita</strong></span> <span class='ocrx_word' id='word_1_7' title='bbox 1331 644 1681 720; x_wconf 90' lang='lat' dir='ltr'><strong>naturalis</strong></span> <span class='ocrx_word' id='word_1_8' title='bbox 1716 649 1790 716; x_wconf 90' lang='lat' dir='ltr'><strong>et</strong></span> <span class='ocrx_word' id='word_1_9' title='bbox 1823 640 2161 736; x_wconf 89' lang='lat' dir='ltr'><strong>proprius</strong></span> <span class='ocrx_word' id='word_1_10' title='bbox 2189 641 2377 714; x_wconf 89' lang='lat' dir='ltr'><strong>sicut</strong></span> <span class='ocrx_word' id='word_1_11' title='bbox 2401 640 2794 715; x_wconf 81' lang='lat' dir='ltr'><strong>descensus</strong></span> <span class='ocrx_word' id='word_1_12' title='bbox 2828 658 3044 731; x_wconf 84' lang='lat' dir='ltr'><strong>aquae</strong></span> <span class='ocrx_word' id='word_1_13' title='bbox 3078 632 3150 728; x_wconf 77' lang='lat'><strong>(¹)</strong></span> 
     </span>
     <span class='ocr_line' id='line_1_3' title="bbox 811 757 3149 860; baseline -0.007 -15"><span class='ocrx_word' id='word_1_14' title='bbox 811 773 884 844; x_wconf 96' lang='lat' dir='ltr'><strong>in</strong></span> <span class='ocrx_word' id='word_1_15' title='bbox 937 770 1258 860; x_wconf 83' lang='lat' dir='ltr'><strong>bassum,</strong></span> <span class='ocrx_word' id='word_1_16' title='bbox 1294 764 1467 859; x_wconf 86' lang='lat' dir='ltr'><strong>quia</strong></span> <span class='ocrx_word' id='word_1_17' title='bbox 1507 762 1795 836; x_wconf 90' lang='lat' dir='ltr'><strong>animus</strong></span> <span class='ocrx_word' id='word_1_18' title='bbox 1846 766 2024 835; x_wconf 90' lang='lat' dir='ltr'><strong>tuus</strong></span> <span class='ocrx_word' id='word_1_19' title='bbox 2077 769 2187 836; x_wconf 89' lang='lat' dir='ltr'><strong>est</strong></span> <span class='ocrx_word' id='word_1_20' title='bbox 2237 761 2498 857; x_wconf 89' lang='lat' dir='ltr'><strong>igneus</strong></span> <span class='ocrx_word' id='word_1_21' title='bbox 2548 765 2623 832; x_wconf 89' lang='lat' dir='ltr'><strong>et</strong></span> <span class='ocrx_word' id='word_1_22' title='bbox 2672 758 3007 832; x_wconf 81' lang='lat' dir='ltr'><strong>coelestiS.</strong></span> <span class='ocrx_word' id='word_1_23' title='bbox 3063 757 3149 830; x_wconf 89' lang='lat' dir='ltr'><strong>Et</strong></span> 
     </span>
     <span class='ocr_line' id='line_1_4' title="bbox 809 881 3153 976; baseline -0.006 -10"><span class='ocrx_word' id='word_1_24' title='bbox 809 890 1094 966; x_wconf 81' lang='lat' dir='ltr'><strong>subdit:</strong></span> <span class='ocrx_word' id='word_1_25' title='bbox 1149 885 1562 972; x_wconf 72' lang='lat' dir='ltr'><strong>meraviylia</strong></span> <span class='ocrx_word' id='word_1_26' title='bbox 1611 883 1837 972; x_wconf 77' lang='lat' dir='ltr'><strong>saria,</strong></span> <span class='ocrx_word' id='word_1_27' title='bbox 1893 881 2131 976; x_wconf 89' lang='lat' dir='ltr'><strong>potius</strong></span> <span class='ocrx_word' id='word_1_28' title='bbox 2181 902 2225 956; x_wconf 92' lang='lat' dir='ltr'><strong>e</strong></span> <span class='ocrx_word' id='word_1_29' title='bbox 2274 886 2552 974; x_wconf 83' lang='lat' dir='ltr'><strong>contra,</strong></span> <span class='ocrx_word' id='word_1_30' title='bbox 2604 902 2678 953; x_wconf 82' lang='lat' dir='ltr'><strong>se</strong></span> <span class='ocrx_word' id='word_1_31' title='bbox 2730 882 2966 973; x_wconf 74' lang='lat' dir='ltr'><strong>prim,</strong></span> <span class='ocrx_word' id='word_1_32' title='bbox 3021 899 3153 973; x_wconf 89' lang='lat' dir='ltr'><strong>pro</strong></span> 
     </span>
     <span class='ocr_line' id='line_1_5' title="bbox 811 996 3150 1107; baseline -0.006 -22"><span class='ocrx_word' id='word_1_33' title='bbox 811 1011 1161 1107; x_wconf 83' lang='lat' dir='ltr'><strong>privatuS‚</strong></span> <span class='ocrx_word' id='word_1_34' title='bbox 1212 1009 1281 1079; x_wconf 77' lang='grc' dir='ltr'><strong>α’</strong></span> <span class='ocrx_word' id='word_1_35' title='bbox 1307 1005 1813 1095; x_wconf 78' lang='lat' dir='ltr'><strong>impedimento,</strong></span> <span class='ocrx_word' id='word_1_36' title='bbox 1864 1002 2318 1099; x_wconf 70' lang='lat' dir='ltr'><strong>ignorantiae,</strong></span> <span class='ocrx_word' id='word_1_37' title='bbox 2378 996 2497 1093; x_wconf 68' lang='grc' dir='ltr'><strong>ῃίἲι</strong></span> <span class='ocrx_word' id='word_1_38' title='bbox 2564 1003 2614 1074; x_wconf 77' lang='lat' dir='ltr'><strong>ti</strong></span> <span class='ocrx_word' id='word_1_39' title='bbox 2665 1003 2844 1095; x_wconf 82' lang='lat' dir='ltr'><strong>sossi</strong></span> <span class='ocrx_word' id='word_1_40' title='bbox 2902 1004 3150 1093; x_wconf 72' lang='lat' dir='ltr'><strong>assim,</strong></span> 
     </span>
     <span class='ocr_line' id='line_1_6' title="bbox 811 1123 3155 1224; baseline -0.006 -18"><span class='ocrx_word' id='word_1_41' title='bbox 811 1132 1015 1224; x_wconf 86' lang='lat' dir='ltr'><strong>idest,</strong></span> <span class='ocrx_word' id='word_1_42' title='bbox 1067 1129 1376 1202; x_wconf 83' lang='lat' dir='ltr'><strong>locasses</strong></span> <span class='ocrx_word' id='word_1_43' title='bbox 1434 1130 1509 1198; x_wconf 91' lang='lat' dir='ltr'><strong>te</strong></span> <span class='ocrx_word' id='word_1_44' title='bbox 1571 1123 1647 1196; x_wconf 92' lang='lat' dir='ltr'><strong>in</strong></span> <span class='ocrx_word' id='word_1_45' title='bbox 1698 1129 1921 1218; x_wconf 83' lang='lat' dir='ltr'><strong>terra,</strong></span> <span class='ocrx_word' id='word_1_46' title='bbox 1985 1143 2030 1197; x_wconf 92' lang='lat' dir='ltr'><strong>a</strong></span> <span class='ocrx_word' id='word_1_47' title='bbox 2091 1123 2328 1217; x_wconf 77' lang='lat' dir='ltr'><strong>simili,</strong></span> <span class='ocrx_word' id='word_1_48' title='bbox 2365 1124 2538 1194; x_wconf 86' lang='lat' dir='ltr'><strong>com&#39;</strong></span> <span class='ocrx_word' id='word_1_49' title='bbox 2568 1143 2617 1194; x_wconf 89' lang='lat' dir='ltr'><strong>a</strong></span> <span class='ocrx_word' id='word_1_50' title='bbox 2675 1130 2873 1194; x_wconf 80' lang='lat' dir='ltr'><strong>terra</strong></span> <span class='ocrx_word' id='word_1_51' title='bbox 2931 1124 3155 1214; x_wconf 79' lang='lat' dir='ltr'><strong>quieto</strong></span> 
     </span>
     <span class='ocr_line' id='line_1_7' title="bbox 806 1242 3155 1346; baseline -0.004 -22"><span class='ocrx_word' id='word_1_52' title='bbox 806 1256 1012 1346; x_wconf 85' lang='lat' dir='ltr'><strong>suoco</strong></span> <span class='ocrx_word' id='word_1_53' title='bbox 1063 1250 1244 1336; x_wconf 84' lang='lat' dir='ltr'><strong>viv0,</strong></span> <span class='ocrx_word' id='word_1_54' title='bbox 1296 1243 1498 1336; x_wconf 83' lang='lat' dir='ltr'><strong>idest,</strong></span> <span class='ocrx_word' id='word_1_55' title='bbox 1541 1242 1730 1317; x_wconf 87' lang='lat' dir='ltr'><strong>sicut</strong></span> <span class='ocrx_word' id='word_1_56' title='bbox 1780 1250 1972 1317; x_wconf 90' lang='lat' dir='ltr'><strong>esset</strong></span> <span class='ocrx_word' id='word_1_57' title='bbox 2022 1242 2295 1316; x_wconf 89' lang='lat' dir='ltr'><strong>mirum</strong></span> <span class='ocrx_word' id='word_1_58' title='bbox 2343 1242 2590 1316; x_wconf 90' lang='lat' dir='ltr'><strong>videre</strong></span> <span class='ocrx_word' id='word_1_59' title='bbox 2624 1242 2948 1335; x_wconf 84' lang='lat' dir='ltr'><strong>aliquam</strong></span> <span class='ocrx_word' id='word_1_60' title='bbox 2994 1261 3155 1315; x_wconf 91' lang='lat' dir='ltr'><strong>ma-</strong></span> 
     </span>
     <span class='ocr_line' id='line_1_8' title="bbox 815 1362 3157 1456; baseline -0.005 -10"><span class='ocrx_word' id='word_1_61' title='bbox 815 1370 1073 1445; x_wconf 80' lang='lat' dir='ltr'><strong>teriam</strong></span> <span class='ocrx_word' id='word_1_62' title='bbox 1126 1363 1709 1439; x_wconf 82' lang='lat' dir='ltr'><strong>combustibilem</strong></span> <span class='ocrx_word' id='word_1_63' title='bbox 1761 1369 1959 1437; x_wconf 89' lang='lat' dir='ltr'><strong>stare</strong></span> <span class='ocrx_word' id='word_1_64' title='bbox 2011 1363 2334 1456; x_wconf 89' lang='lat' dir='ltr'><strong>quietam</strong></span> <span class='ocrx_word' id='word_1_65' title='bbox 2391 1363 2548 1436; x_wconf 90' lang='lat' dir='ltr'><strong>sine</strong></span> <span class='ocrx_word' id='word_1_66' title='bbox 2598 1362 2843 1455; x_wconf 89' lang='lat' dir='ltr'><strong>aliqua</strong></span> <span class='ocrx_word' id='word_1_67' title='bbox 2911 1367 3157 1435; x_wconf 89' lang='lat' dir='ltr'><strong>muta-</strong></span> 
     </span>
     <span class='ocr_line' id='line_1_9' title="bbox 812 1482 3154 1580; baseline -0.004 -17"><span class='ocrx_word' id='word_1_68' title='bbox 812 1489 1007 1563; x_wconf 88' lang='lat' dir='ltr'><strong>tione</strong></span> <span class='ocrx_word' id='word_1_69' title='bbox 1056 1485 1130 1559; x_wconf 90' lang='lat' dir='ltr'><strong>in</strong></span> <span class='ocrx_word' id='word_1_70' title='bbox 1181 1485 1350 1580; x_wconf 91' lang='lat' dir='ltr'><strong>igne</strong></span> <span class='ocrx_word' id='word_1_71' title='bbox 1382 1503 1690 1558; x_wconf 88' lang='lat' dir='ltr'><strong>accenso</strong></span> <span class='ocrx_word' id='word_1_72' title='bbox 1725 1483 2031 1558; x_wconf 87' lang='lat' dir='ltr'><strong>ardenti.</strong></span> <span class='ocrx_word' id='word_1_73' title='bbox 2070 1485 2158 1557; x_wconf 91' lang='lat' dir='ltr'><strong>Et</strong></span> <span class='ocrx_word' id='word_1_74' title='bbox 2191 1483 2462 1558; x_wconf 84' lang='lat' dir='ltr'><strong>claudit</strong></span> <span class='ocrx_word' id='word_1_75' title='bbox 2497 1493 2713 1578; x_wconf 89' lang='lat' dir='ltr'><strong>poeta</strong></span> <span class='ocrx_word' id='word_1_76' title='bbox 2751 1482 3154 1578; x_wconf 89' lang='lat' dir='ltr'><strong>capitulum</strong></span> 
     </span>
     <span class='ocr_line' id='line_1_10' title="bbox 810 1601 3156 1702; baseline -0.002 -23"><span class='ocrx_word' id='word_1_77' title='bbox 810 1606 1155 1702; x_wconf 82' lang='lat' dir='ltr'><strong>primum,</strong></span> <span class='ocrx_word' id='word_1_78' title='bbox 1207 1604 1493 1678; x_wconf 90' lang='lat' dir='ltr'><strong>dicens:</strong></span> <span class='ocrx_word' id='word_1_79' title='bbox 1548 1606 1778 1695; x_wconf 76' lang='lat' dir='ltr'><strong>quinci</strong></span> <span class='ocrx_word' id='word_1_80' title='bbox 1814 1607 2097 1696; x_wconf 54' lang='lat' dir='ltr'><strong>vivolse,</strong></span> <span class='ocrx_word' id='word_1_81' title='bbox 2137 1604 2254 1678; x_wconf 92' lang='lat' dir='ltr'><strong>illa</strong></span> <span class='ocrx_word' id='word_1_82' title='bbox 2291 1603 2609 1697; x_wconf 86' lang='lat' dir='ltr'><strong>Beatrix‚</strong></span> <span class='ocrx_word' id='word_1_83' title='bbox 2650 1601 2850 1676; x_wconf 63' lang='lat' dir='ltr'><strong>iuver</strong></span> <span class='ocrx_word' id='word_1_84' title='bbox 2884 1607 2953 1677; x_wconf 85' lang='lat' dir='ltr'><strong>lo</strong></span> <span class='ocrx_word' id='word_1_85' title='bbox 2987 1606 3156 1677; x_wconf 83' lang='lat' dir='ltr'><strong>cielo</strong></span> 
     </span>
     <span class='ocr_line' id='line_1_11' title="bbox 811 1722 3152 1820; baseline -0.003 -19"><span class='ocrx_word' id='word_1_86' title='bbox 811 1731 869 1801; x_wconf 82' lang='lat' dir='ltr'><strong>il</strong></span> <span class='ocrx_word' id='word_1_87' title='bbox 915 1729 1086 1819; x_wconf 86' lang='lat' dir='ltr'><strong>vis0,</strong></span> <span class='ocrx_word' id='word_1_88' title='bbox 1146 1730 1229 1798; x_wconf 91' lang='lat' dir='ltr'><strong>ut</strong></span> <span class='ocrx_word' id='word_1_89' title='bbox 1277 1723 1622 1820; x_wconf 88' lang='lat' dir='ltr'><strong>dirigeret</strong></span> <span class='ocrx_word' id='word_1_90' title='bbox 1665 1744 1922 1798; x_wconf 92' lang='lat' dir='ltr'><strong>meum</strong></span> <span class='ocrx_word' id='word_1_91' title='bbox 1958 1723 2198 1798; x_wconf 89' lang='lat' dir='ltr'><strong>visum</strong></span> <span class='ocrx_word' id='word_1_92' title='bbox 2237 1724 2802 1798; x_wconf 87' lang='lat' dir='ltr'><strong>intellectualem</strong></span> <span class='ocrx_word' id='word_1_93' title='bbox 2845 1723 2919 1796; x_wconf 92' lang='lat' dir='ltr'><strong>in</strong></span> <span class='ocrx_word' id='word_1_94' title='bbox 2953 1722 3152 1796; x_wconf 88' lang='lat' dir='ltr'><strong>illud.</strong></span> 
     </span>
     <span class='ocr_line' id='line_1_12' title="bbox 810 1842 3156 1938; baseline -0.002 -17"><span class='ocrx_word' id='word_1_95' title='bbox 810 1848 895 1921; x_wconf 87' lang='lat' dir='ltr'><strong>Et</strong></span> <span class='ocrx_word' id='word_1_96' title='bbox 946 1847 1064 1920; x_wconf 89' lang='lat' dir='ltr'><strong>hic</strong></span> <span class='ocrx_word' id='word_1_97' title='bbox 1114 1845 1376 1919; x_wconf 87' lang='lat' dir='ltr'><strong>ultimo</strong></span> <span class='ocrx_word' id='word_1_98' title='bbox 1428 1850 1622 1937; x_wconf 83' lang='lat' dir='ltr'><strong>nota,</strong></span> <span class='ocrx_word' id='word_1_99' title='bbox 1677 1844 1928 1938; x_wconf 86' lang='lat' dir='ltr'><strong>lector,</strong></span> <span class='ocrx_word' id='word_1_100' title='bbox 1982 1845 2179 1938; x_wconf 86' lang='lat' dir='ltr'><strong>quod</strong></span> <span class='ocrx_word' id='word_1_101' title='bbox 2233 1864 2411 1918; x_wconf 90' lang='lat' dir='ltr'><strong>vere</strong></span> <span class='ocrx_word' id='word_1_102' title='bbox 2462 1864 2609 1918; x_wconf 91' lang='lat' dir='ltr'><strong>non</strong></span> <span class='ocrx_word' id='word_1_103' title='bbox 2661 1848 2821 1917; x_wconf 88' lang='lat' dir='ltr'><strong>erat</strong></span> <span class='ocrx_word' id='word_1_104' title='bbox 2880 1842 3156 1916; x_wconf 89' lang='lat' dir='ltr'><strong>mirum</strong></span> 
     </span>
     <span class='ocr_line' id='line_1_13' title="bbox 809 1963 3157 2058; baseline -0.003 -17"><span class='ocrx_word' id='word_1_105' title='bbox 809 1968 997 2042; x_wconf 91' lang='lat' dir='ltr'><strong>sicut</strong></span> <span class='ocrx_word' id='word_1_106' title='bbox 1070 1965 1241 2040; x_wconf 90' lang='lat' dir='ltr'><strong>dicit</strong></span> <span class='ocrx_word' id='word_1_107' title='bbox 1317 1965 1448 2039; x_wconf 90' lang='lat' dir='ltr'><strong>ista</strong></span> <span class='ocrx_word' id='word_1_108' title='bbox 1522 1963 1840 2058; x_wconf 83' lang='lat' dir='ltr'><strong>domina,</strong></span> <span class='ocrx_word' id='word_1_109' title='bbox 1908 1964 1967 2038; x_wconf 90' lang='lat' dir='ltr'><strong>si</strong></span> <span class='ocrx_word' id='word_1_110' title='bbox 2030 1965 2166 2039; x_wconf 93' lang='lat' dir='ltr'><strong>iste</strong></span> <span class='ocrx_word' id='word_1_111' title='bbox 2234 1965 2457 2038; x_wconf 88' lang='lat' dir='ltr'><strong>homo</strong></span> <span class='ocrx_word' id='word_1_112' title='bbox 2527 1964 2759 2039; x_wconf 87' lang='lat' dir='ltr'><strong>veloci</strong></span> <span class='ocrx_word' id='word_1_113' title='bbox 2828 1968 2900 2038; x_wconf 92' lang='lat' dir='ltr'><strong>et</strong></span> <span class='ocrx_word' id='word_1_114' title='bbox 2968 1963 3157 2038; x_wconf 84' lang='lat' dir='ltr'><strong>facili</strong></span> 
     </span>
     <span class='ocr_line' id='line_1_14' title="bbox 812 2084 3153 2178; baseline -0.002 -18"><span class='ocrx_word' id='word_1_115' title='bbox 812 2092 1017 2162; x_wconf 91' lang='lat' dir='ltr'><strong>motu</strong></span> <span class='ocrx_word' id='word_1_116' title='bbox 1072 2084 1419 2159; x_wconf 88' lang='lat' dir='ltr'><strong>currebat</strong></span> <span class='ocrx_word' id='word_1_117' title='bbox 1471 2103 1670 2157; x_wconf 92' lang='lat' dir='ltr'><strong>nunc</strong></span> <span class='ocrx_word' id='word_1_118' title='bbox 1720 2084 1793 2158; x_wconf 92' lang='lat' dir='ltr'><strong>in</strong></span> <span class='ocrx_word' id='word_1_119' title='bbox 1845 2084 2144 2178; x_wconf 84' lang='lat' dir='ltr'><strong>coelum,</strong></span> <span class='ocrx_word' id='word_1_120' title='bbox 2197 2089 2270 2158; x_wconf 93' lang='lat' dir='ltr'><strong>et</strong></span> <span class='ocrx_word' id='word_1_121' title='bbox 2330 2084 2707 2159; x_wconf 82' lang='lat' dir='ltr'><strong>ferebatur</strong></span> <span class='ocrx_word' id='word_1_122' title='bbox 2756 2084 2828 2157; x_wconf 93' lang='lat' dir='ltr'><strong>in</strong></span> <span class='ocrx_word' id='word_1_123' title='bbox 2889 2085 3153 2176; x_wconf 84' lang='lat' dir='ltr'><strong>Deum,</strong></span> 
     </span>
     <span class='ocr_line' id='line_1_15' title="bbox 812 2203 3157 2301; baseline -0.002 -21"><span class='ocrx_word' id='word_1_124' title='bbox 812 2207 938 2301; x_wconf 91' lang='lat' dir='ltr'><strong>qui</strong></span> <span class='ocrx_word' id='word_1_125' title='bbox 1003 2205 1296 2280; x_wconf 89' lang='lat' dir='ltr'><strong>calcatis</strong></span> <span class='ocrx_word' id='word_1_126' title='bbox 1362 2204 1706 2278; x_wconf 89' lang='lat' dir='ltr'><strong>omnibus</strong></span> <span class='ocrx_word' id='word_1_127' title='bbox 1770 2203 1982 2298; x_wconf 84' lang='lat' dir='ltr'><strong>vitiis,</strong></span> <span class='ocrx_word' id='word_1_128' title='bbox 2034 2209 2392 2301; x_wconf 89' lang='lat' dir='ltr'><strong>purgatus</strong></span> <span class='ocrx_word' id='word_1_129' title='bbox 2443 2205 2783 2278; x_wconf 90' lang='lat' dir='ltr'><strong>omnibus</strong></span> <span class='ocrx_word' id='word_1_130' title='bbox 2839 2203 3157 2301; x_wconf 88' lang='lat' dir='ltr'><strong>peccatis</strong></span> 
     </span>
     <span class='ocr_line' id='line_1_16' title="bbox 810 2323 3154 2421; baseline -0.001 -21"><span class='ocrx_word' id='word_1_131' title='bbox 810 2331 1250 2421; x_wconf 89' lang='lat' dir='ltr'><strong>pervenerat</strong></span> <span class='ocrx_word' id='word_1_132' title='bbox 1297 2323 1390 2397; x_wconf 90' lang='lat' dir='ltr'><strong>ad</strong></span> <span class='ocrx_word' id='word_1_133' title='bbox 1442 2330 1771 2399; x_wconf 91' lang='lat' dir='ltr'><strong>montem</strong></span> <span class='ocrx_word' id='word_1_134' title='bbox 1842 2325 2120 2400; x_wconf 89' lang='lat' dir='ltr'><strong>celsum</strong></span> <span class='ocrx_word' id='word_1_135' title='bbox 2195 2331 2616 2421; x_wconf 85' lang='lat' dir='ltr'><strong>tangentem</strong></span> <span class='ocrx_word' id='word_1_136' title='bbox 2678 2326 2976 2415; x_wconf 66' lang='lat' dir='ltr'><strong>coslum,</strong></span> <span class='ocrx_word' id='word_1_137' title='bbox 3030 2323 3154 2399; x_wconf 90' lang='lat' dir='ltr'><strong>ubi</strong></span> 
     </span>
     <span class='ocr_line' id='line_1_17' title="bbox 810 2444 3155 2540; baseline -0 -21"><span class='ocrx_word' id='word_1_138' title='bbox 810 2445 1052 2519; x_wconf 87' lang='lat' dir='ltr'><strong>fuerat</strong></span> <span class='ocrx_word' id='word_1_139' title='bbox 1120 2444 1310 2518; x_wconf 93' lang='lat' dir='ltr'><strong>lotus</strong></span> <span class='ocrx_word' id='word_1_140' title='bbox 1375 2444 1640 2539; x_wconf 88' lang='lat' dir='ltr'><strong>duplici</strong></span> <span class='ocrx_word' id='word_1_141' title='bbox 1706 2466 1901 2539; x_wconf 86' lang='lat' dir='ltr'><strong>aqua</strong></span> <span class='ocrx_word' id='word_1_142' title='bbox 1970 2445 2469 2539; x_wconf 83' lang='lat' dir='ltr'><strong>mundissima,</strong></span> <span class='ocrx_word' id='word_1_143' title='bbox 2541 2467 2861 2540; x_wconf 86' lang='lat' dir='ltr'><strong>quarum</strong></span> <span class='ocrx_word' id='word_1_144' title='bbox 2923 2446 3155 2520; x_wconf 84' lang='lat' dir='ltr'><strong>altera</strong></span> 
     </span>
     <span class='ocr_line' id='line_1_18' title="bbox 810 2565 3159 2659; baseline 0.001 -21"><span class='ocrx_word' id='word_1_145' title='bbox 810 2565 1201 2640; x_wconf 85' lang='lat' dir='ltr'><strong>induxerat</strong></span> <span class='ocrx_word' id='word_1_146' title='bbox 1261 2565 1703 2640; x_wconf 85' lang='lat' dir='ltr'><strong>oblivionem</strong></span> <span class='ocrx_word' id='word_1_147' title='bbox 1765 2567 2161 2659; x_wconf 83' lang='lat' dir='ltr'><strong>malorum,</strong></span> <span class='ocrx_word' id='word_1_148' title='bbox 2224 2568 2453 2641; x_wconf 90' lang='lat' dir='ltr'><strong>altera</strong></span> <span class='ocrx_word' id='word_1_149' title='bbox 2524 2566 2959 2640; x_wconf 87' lang='lat' dir='ltr'><strong>memoriam</strong></span> <span class='ocrx_word' id='word_1_150' title='bbox 3022 2566 3159 2640; x_wconf 93' lang='lat' dir='ltr'><strong>bo-</strong></span> 
     </span>
     <span class='ocr_line' id='line_1_19' title="bbox 812 2685 3158 2782; baseline -0.001 -22"><span class='ocrx_word' id='word_1_151' title='bbox 812 2707 1082 2761; x_wconf 91' lang='lat' dir='ltr'><strong>norum</strong></span> <span class='ocrx_word' id='word_1_152' title='bbox 1136 2686 1208 2759; x_wconf 91' lang='lat' dir='ltr'><strong>in</strong></span> <span class='ocrx_word' id='word_1_153' title='bbox 1259 2686 1582 2761; x_wconf 83' lang='lat' dir='ltr'><strong>animam</strong></span> <span class='ocrx_word' id='word_1_154' title='bbox 1635 2685 2070 2782; x_wconf 90' lang='lat' dir='ltr'><strong>depuratam</strong></span> <span class='ocrx_word' id='word_1_155' title='bbox 2108 2686 2202 2760; x_wconf 90' lang='lat' dir='ltr'><strong>ab</strong></span> <span class='ocrx_word' id='word_1_156' title='bbox 2238 2686 2441 2761; x_wconf 91' lang='lat' dir='ltr'><strong>omni</strong></span> <span class='ocrx_word' id='word_1_157' title='bbox 2473 2685 2943 2760; x_wconf 83' lang='lat' dir='ltr'><strong>affectionum</strong></span> <span class='ocrx_word' id='word_1_158' title='bbox 2986 2705 3158 2781; x_wconf 91' lang='lat' dir='ltr'><strong>per-</strong></span> 
     </span>
     <span class='ocr_line' id='line_1_20' title="bbox 812 2791 3157 2902; baseline -0.001 -21"><span class='ocrx_word' id='word_1_159' title='bbox 812 2807 1250 2902; x_wconf 84' lang='lat' dir='ltr'><strong>turbatione,</strong></span> <span class='ocrx_word' id='word_1_160' title='bbox 1302 2806 1458 2881; x_wconf 90' lang='lat' dir='ltr'><strong>sine</strong></span> <span class='ocrx_word' id='word_1_161' title='bbox 1510 2806 1854 2901; x_wconf 91' lang='lat' dir='ltr'><strong>superbia</strong></span> <span class='ocrx_word' id='word_1_162' title='bbox 1916 2811 1989 2881; x_wconf 88' lang='lat' dir='ltr'><strong>et</strong></span> <span class='ocrx_word' id='word_1_163' title='bbox 2049 2791 2465 2902; x_wconf 82' lang='lat' dir='ltr'><strong>cupiditate,</strong></span> <span class='ocrx_word' id='word_1_164' title='bbox 2522 2827 2697 2901; x_wconf 74' lang='lat' dir='ltr'><strong>quae</strong></span> <span class='ocrx_word' id='word_1_165' title='bbox 2757 2812 2928 2881; x_wconf 90' lang='lat' dir='ltr'><strong>sunt</strong></span> <span class='ocrx_word' id='word_1_166' title='bbox 2989 2806 3157 2880; x_wconf 87' lang='lat' dir='ltr'><strong>duae</strong></span> 
     </span>
     <span class='ocr_line' id='line_1_21' title="bbox 813 2926 3159 3022; baseline 0 -23"><span class='ocrx_word' id='word_1_167' title='bbox 813 2927 1092 3001; x_wconf 87' lang='lat' dir='ltr'><strong>radices</strong></span> <span class='ocrx_word' id='word_1_168' title='bbox 1159 2927 1493 3001; x_wconf 91' lang='lat' dir='ltr'><strong>omnium</strong></span> <span class='ocrx_word' id='word_1_169' title='bbox 1564 2932 2066 3021; x_wconf 83' lang='lat' dir='ltr'><strong>peccatorum,</strong></span> <span class='ocrx_word' id='word_1_170' title='bbox 2137 2933 2475 3022; x_wconf 87' lang='lat' dir='ltr'><strong>receptus</strong></span> <span class='ocrx_word' id='word_1_171' title='bbox 2544 2933 2619 3001; x_wconf 90' lang='lat' dir='ltr'><strong>et</strong></span> <span class='ocrx_word' id='word_1_172' title='bbox 2679 2926 3057 3001; x_wconf 85' lang='lat' dir='ltr'><strong>investitus</strong></span> <span class='ocrx_word' id='word_1_173' title='bbox 3113 2947 3159 3000; x_wconf 94' lang='lat' dir='ltr'><strong>a</strong></span> 
     </span>
     <span class='ocr_line' id='line_1_22' title="bbox 809 3045 3160 3142; baseline -0 -23"><span class='ocrx_word' id='word_1_174' title='bbox 809 3053 1089 3142; x_wconf 87' lang='lat' dir='ltr'><strong>septem</strong></span> <span class='ocrx_word' id='word_1_175' title='bbox 1144 3045 1535 3120; x_wconf 89' lang='lat' dir='ltr'><strong>virtutibus</strong></span> <span class='ocrx_word' id='word_1_176' title='bbox 1587 3045 1855 3139; x_wconf 90' lang='lat' dir='ltr'><strong>quibus</strong></span> <span class='ocrx_word' id='word_1_177' title='bbox 1891 3045 2269 3121; x_wconf 87' lang='lat' dir='ltr'><strong>revolabat</strong></span> <span class='ocrx_word' id='word_1_178' title='bbox 2319 3046 2393 3119; x_wconf 91' lang='lat' dir='ltr'><strong>in</strong></span> <span class='ocrx_word' id='word_1_179' title='bbox 2447 3045 2782 3141; x_wconf 84' lang='lat' dir='ltr'><strong>patriam,</strong></span> <span class='ocrx_word' id='word_1_180' title='bbox 2817 3046 2945 3120; x_wconf 89' lang='lat' dir='ltr'><strong>ubi</strong></span> <span class='ocrx_word' id='word_1_181' title='bbox 2989 3046 3160 3121; x_wconf 83' lang='lat' dir='ltr'><strong>felix</strong></span> 
     </span>
     <span class='ocr_line' id='line_1_23' title="bbox 812 3165 3162 3262; baseline 0 -23"><span class='ocrx_word' id='word_1_182' title='bbox 812 3166 1044 3239; x_wconf 90' lang='lat' dir='ltr'><strong>victor</strong></span> <span class='ocrx_word' id='word_1_183' title='bbox 1110 3165 1740 3239; x_wconf 84' lang='lat' dir='ltr'><strong>infestissimorum</strong></span> <span class='ocrx_word' id='word_1_184' title='bbox 1809 3166 2155 3260; x_wconf 84' lang='lat' dir='ltr'><strong>hostium,</strong></span> <span class='ocrx_word' id='word_1_185' title='bbox 2207 3166 2816 3262; x_wconf 89' lang='lat' dir='ltr'><strong>gloriosissimum</strong></span> <span class='ocrx_word' id='word_1_186' title='bbox 2890 3167 3162 3242; x_wconf 86' lang='lat' dir='ltr'><strong>trium—</strong></span> 
     </span>
     <span class='ocr_line' id='line_1_24' title="bbox 811 3285 3161 3383; baseline 0.001 -26"><span class='ocrx_word' id='word_1_187' title='bbox 811 3285 1040 3380; x_wconf 91' lang='lat' dir='ltr'><strong>phum</strong></span> <span class='ocrx_word' id='word_1_188' title='bbox 1115 3285 1267 3359; x_wconf 92' lang='lat' dir='ltr'><strong>suis</strong></span> <span class='ocrx_word' id='word_1_189' title='bbox 1335 3285 1614 3360; x_wconf 89' lang='lat' dir='ltr'><strong>meritis</strong></span> <span class='ocrx_word' id='word_1_190' title='bbox 1664 3285 2262 3379; x_wconf 85' lang='lat' dir='ltr'><strong>praedestinatum</strong></span> <span class='ocrx_word' id='word_1_191' title='bbox 2319 3287 2476 3382; x_wconf 89' lang='lat' dir='ltr'><strong>jam</strong></span> <span class='ocrx_word' id='word_1_192' title='bbox 2542 3288 2900 3383; x_wconf 89' lang='lat' dir='ltr'><strong>sperabat.</strong></span> <span class='ocrx_word' id='word_1_193' title='bbox 2969 3286 3161 3375; x_wconf 87' lang='lat' dir='ltr'><strong>Quid</strong></span> 
     </span>
     <span class='ocr_line' id='line_1_25' title="bbox 814 3405 3160 3503; baseline 0.002 -26"><span class='ocrx_word' id='word_1_194' title='bbox 814 3405 1110 3499; x_wconf 84' lang='lat' dir='ltr'><strong>mirum,</strong></span> <span class='ocrx_word' id='word_1_195' title='bbox 1162 3405 1489 3500; x_wconf 81' lang='lat' dir='ltr'><strong>inquam,</strong></span> <span class='ocrx_word' id='word_1_196' title='bbox 1541 3406 1601 3479; x_wconf 89' lang='lat' dir='ltr'><strong>si</strong></span> <span class='ocrx_word' id='word_1_197' title='bbox 1650 3405 1938 3479; x_wconf 90' lang='lat' dir='ltr'><strong>divinus</strong></span> <span class='ocrx_word' id='word_1_198' title='bbox 1988 3406 2106 3480; x_wconf 88' lang='lat' dir='ltr'><strong>hic</strong></span> <span class='ocrx_word' id='word_1_199' title='bbox 2154 3411 2370 3502; x_wconf 90' lang='lat' dir='ltr'><strong>poeta</strong></span> <span class='ocrx_word' id='word_1_200' title='bbox 2432 3414 2635 3482; x_wconf 90' lang='lat' dir='ltr'><strong>tanto</strong></span> <span class='ocrx_word' id='word_1_201' title='bbox 2698 3428 2925 3482; x_wconf 89' lang='lat' dir='ltr'><strong>cursu</strong></span> <span class='ocrx_word' id='word_1_202' title='bbox 2986 3427 3160 3503; x_wconf 87' lang='lat' dir='ltr'><strong>pro-</strong></span> 
     </span>
     <span class='ocr_line' id='line_1_26' title="bbox 813 3524 3160 3621; baseline 0.002 -25"><span class='ocrx_word' id='word_1_203' title='bbox 813 3524 1120 3598; x_wconf 89' lang='lat' dir='ltr'><strong>missum</strong></span> <span class='ocrx_word' id='word_1_204' title='bbox 1172 3525 1511 3601; x_wconf 86' lang='lat' dir='ltr'><strong>bravium</strong></span> <span class='ocrx_word' id='word_1_205' title='bbox 1554 3532 2037 3621; x_wconf 89' lang='lat' dir='ltr'><strong>properanter</strong></span> <span class='ocrx_word' id='word_1_206' title='bbox 2072 3526 2423 3621; x_wconf 79' lang='lat' dir='ltr'><strong>petebat?</strong></span> <span class='ocrx_word' id='word_1_207' title='bbox 2462 3525 2557 3602; x_wconf 90' lang='lat' dir='ltr'><strong>ad</strong></span> <span class='ocrx_word' id='word_1_208' title='bbox 2592 3527 2790 3621; x_wconf 86' lang='lat' dir='ltr'><strong>quod</strong></span> <span class='ocrx_word' id='word_1_209' title='bbox 2826 3548 2958 3602; x_wconf 91' lang='lat' dir='ltr'><strong>nos</strong></span> <span class='ocrx_word' id='word_1_210' title='bbox 2994 3533 3160 3602; x_wconf 86' lang='lat' dir='ltr'><strong>tan-</strong></span> 
     </span>
     <span class='ocr_line' id='line_1_27' title="bbox 808 3631 3161 3743; baseline 0.002 -25"><span class='ocrx_word' id='word_1_211' title='bbox 808 3644 979 3719; x_wconf 91' lang='lat' dir='ltr'><strong>dem</strong></span> <span class='ocrx_word' id='word_1_212' title='bbox 1012 3643 1401 3739; x_wconf 89' lang='lat' dir='ltr'><strong>pervenire</strong></span> <span class='ocrx_word' id='word_1_213' title='bbox 1432 3645 1773 3743; x_wconf 83' lang='lat' dir='ltr'><strong>dignetur</strong></span> <span class='ocrx_word' id='word_1_214' title='bbox 1812 3646 1938 3740; x_wconf 89' lang='lat' dir='ltr'><strong>qui</strong></span> <span class='ocrx_word' id='word_1_215' title='bbox 1972 3631 2312 3721; x_wconf 82' lang='lat' dir='ltr'><strong>autorem</strong></span> <span class='ocrx_word' id='word_1_216' title='bbox 2347 3647 2710 3722; x_wconf 90' lang='lat' dir='ltr'><strong>viventem</strong></span> <span class='ocrx_word' id='word_1_217' title='bbox 2742 3668 2874 3742; x_wconf 89' lang='lat' dir='ltr'><strong>per</strong></span> <span class='ocrx_word' id='word_1_218' title='bbox 2901 3667 3161 3722; x_wconf 88' lang='lat' dir='ltr'><strong>omnes</strong></span> 
     </span>
     <span class='ocr_line' id='line_1_28' title="bbox 809 3757 2811 3863; baseline 0.001 -26"><span class='ocrx_word' id='word_1_219' title='bbox 809 3764 1147 3861; x_wconf 83' lang='lat' dir='ltr'><strong>regiones</strong></span> <span class='ocrx_word' id='word_1_220' title='bbox 1197 3764 1362 3839; x_wconf 85' lang='lat' dir='ltr'><strong>coeli</strong></span> <span class='ocrx_word' id='word_1_221' title='bbox 1412 3764 1502 3839; x_wconf 90' lang='lat' dir='ltr'><strong>ad</strong></span> <span class='ocrx_word' id='word_1_222' title='bbox 1556 3786 1635 3840; x_wconf 90' lang='lat' dir='ltr'><strong>se</strong></span> <span class='ocrx_word' id='word_1_223' title='bbox 1687 3757 2086 3858; x_wconf 72' lang='lat' dir='ltr'><strong>trabere(²)</strong></span> <span class='ocrx_word' id='word_1_224' title='bbox 2139 3766 2501 3863; x_wconf 88' lang='lat' dir='ltr'><strong>dignatus.</strong></span> <span class='ocrx_word' id='word_1_225' title='bbox 2554 3767 2811 3843; x_wconf 88' lang='lat' dir='ltr'><strong>Amen.</strong></span> 
     </span>
    </p>
   </div>
   <div class='ocr_carea' id='block_1_3' title="bbox 933 4024 2973 4093">
    <p class='ocr_par' dir='ltr' id='par_1_3' title="bbox 933 4024 2973 4093">
     <span class='ocr_line' id='line_1_29' title="bbox 933 4024 2973 4093; baseline 0.001 -18"><span class='ocrx_word' id='word_1_226' title='bbox 933 4024 989 4088; x_wconf 84' lang='lat'><strong>(¹)</strong></span> <span class='ocrx_word' id='word_1_227' title='bbox 1023 4025 1083 4076; x_wconf 88' lang='lat' dir='ltr'><strong>E.</strong></span> <span class='ocrx_word' id='word_1_228' title='bbox 1118 4039 1182 4076; x_wconf 79' lang='lat' dir='ltr'><strong>ex</strong></span> <span class='ocrx_word' id='word_1_229' title='bbox 1214 4027 1320 4078; x_wconf 82' lang='lat' dir='ltr'><strong>alto</strong></span> <span class='ocrx_word' id='word_1_230' title='bbox 1354 4028 1406 4077; x_wconf 91' lang='lat' dir='ltr'><strong>in</strong></span> <span class='ocrx_word' id='word_1_231' title='bbox 1440 4027 1661 4078; x_wconf 81' lang='lat' dir='ltr'><strong>bassum.</strong></span> <span class='ocrx_word' id='word_1_232' title='bbox 2185 4028 2242 4091; x_wconf 80' lang='lat'><strong>(²)</strong></span> <span class='ocrx_word' id='word_1_233' title='bbox 2273 4028 2334 4078; x_wconf 84' lang='lat' dir='ltr'><strong>E.</strong></span> <span class='ocrx_word' id='word_1_234' title='bbox 2370 4029 2577 4079; x_wconf 81' lang='lat' dir='ltr'><strong>trabere</strong></span> <span class='ocrx_word' id='word_1_235' title='bbox 2610 4033 2689 4079; x_wconf 81' lang='lat' dir='ltr'><strong>est</strong></span> <span class='ocrx_word' id='word_1_236' title='bbox 2722 4029 2973 4093; x_wconf 79' lang='lat' dir='ltr'><strong>dignatus.</strong></span> 
     </span>
    </p>
   </div>
  </div>
 </body>
</html>
