3734 5567
916 456 1060 522 424
1699 456 2107 512 conmuni
2156 455 2488 510 mrumsl

912 612 1079 687 licet
1128 606 1624 682 narrationem
1677 624 1926 678 suam:
1981 609 2050 674 tu
2097 603 2236 693 sai,
2288 607 2668 695 tamquam
2728 600 2966 674 bonus
3027 600 3257 674 bisto-

914 733 1139 825 ricus5
1184 732 1354 802 ck’e'
1372 732 1546 821 fece,
1603 725 1779 798 illud
1829 724 2123 820 signum
2159 722 2450 815 aquilae,
2485 724 2560 794 in
2593 722 2773 794 Alba
2803 742 2936 794 sua
2969 725 3250 796 dimora

904 873 1042 946 per
1090 851 1367 923 trecen?
1394 849 1569 921 anni
1575 871 1607 939 ‚·
1660 844 1855 919 unde
1895 841 2277 939 Virgilius:
2329 843 2465 914 Hic
2494 842 2660 932 Jam
2699 847 3033 914 tercentos
3078 848 3254 914 totos

912 970 1359 1062 reynabimus
1409 986 1636 1039 annos
1645 990 1676 1056 ;
1727 965 1895 1036 dalt'
1922 983 2060 1036 ora
2092 964 2211 1034 clze
2244 964 2564 1035 Pallante
2613 953 2796 1033 mori
2834 982 2972 1054 per
3013 963 3257 1058 daryli

913 1110 1163 1182 reque,
1203 1088 1278 1160 in
1311 1086 1535 1179 ltalia,
1572 1084 1760 1158 sicut
1809 1090 1886 1157 et
1934 1080 2240 1159 Camilla
2273 1088 2349 1155 et
2380 1080 2594 1154 Nisus
2641 1086 2716 1154 et
2757 1081 3252 1177 Euryalus.—

918 1215 1008 1283 Et
1053 1211 1246 1281 oltre.
1308 1205 1437 1279 Hic
1507 1203 1954 1277 Justinianus
2025 1201 2258 1295 tangit
2321 1200 2518 1274 aliud
2582 1199 3061 1274 memorabile
3120 1219 3253 1295 ge-

916 1334 1140 1420 stum,
1192 1325 1460 1399 scilicet
1511 1343 1749 1417 quare
1798 1328 1872 1397 et
1924 1320 2297 1415 quomodo
2331 1321 2520 1395 dicta
2561 1321 2813 1396 civitas
2854 1340 3112 1395 eversa
3143 1325 3255 1393 est

917 1455 991 1523 et
1026 1447 1376 1521 translata
1410 1446 1746 1518 Romam.
1775 1443 1882 1516 Ad
1914 1442 2110 1535 quod
2146 1442 2524 1516 sciendum
2559 1442 2758 1536 quod
2791 1440 3037 1515 Livius
3069 1442 3254 1514 hanc

918 1567 1236 1641 nobilem
1272 1564 1648 1639 historiam
1685 1563 1985 1658 egregie
2027 1561 2277 1636 scribit
2310 1561 2497 1635 libro
2537 1561 2795 1656 primo,
2832 1561 3046 1634 cuius
3081 1561 3246 1634 bre-

919 1689 1106 1764 viter
1154 1689 1312 1761 haec
1361 1690 1470 1760 est
1522 1704 1855 1758 summa:
1910 1681 2159 1756 Tullus
2218 1681 2562 1755 Hostilius
2621 1681 2881 1755 tertius
2948 1700 3079 1755 rex
3129 1699 3250 1753 ro-

918 1828 1312 1884 manorum
1342 1806 1410 1878 vi
1442 1811 1515 1879 et
1546 1804 1715 1877 dolo
1749 1808 2085 1877 armatus
2121 1802 2347 1875 movit
2384 1802 2656 1875 bellum
2696 1801 2997 1892 albaniS‚
3034 1820 3250 1895 penes

924 1948 1111 2023 quos
1166 1946 1476 2019 regnum
1530 1907 1922 1997 latinorum
1978 1942 2111 2015 per
2166 1921 2397 1994 multa
2449 1920 2717 1994 saecula
2770 1920 3051 1994 fuerat:
3104 1920 3256 1993 bel-

870 2127 877 2132 ,
921 2049 1075 2122 lum
1129 2044 1423 2119 tandem
1490 2042 1774 2116 modico
1835 2043 2193 2138 sanguine
2252 2041 2724 2115 terminatum
2778 2047 2889 2116 est
2951 2040 3255 2114 mirabili

920 2185 1170 2261 pugna
1222 2162 1826 2259 tergeminorum.
1871 2162 2056 2235 Nam
2114 2169 2261 2236 tres
2310 2161 2574 2236 fratres
2627 2161 2911 2235 romani
2966 2161 3254 2236 nomine

921 2283 1196 2358 Horatii
1252 2285 1326 2359 e't
1375 2290 1525 2356 tres
1574 2282 1694 2356 alii
1745 2283 2007 2356 fratres
2056 2281 2296 2355 albani
2332 2272 2629 2356 nomine
2667 2281 2967 2356 Curiatii
3012 2284 3255 2378 singu-

922 2403 1058 2477 lari
1107 2402 1508 2476 certamine
1557 2408 2075 2498 pugnaverunt
2124 2401 2314 2474 inter
2363 2423 2466 2494 se,
2517 2422 2691 2475 cum
2741 2408 2955 2495 pacto
3011 2409 3090 2474 ut
3140 2422 3254 2476 re-

776 2605 782 2612 ,
890 2515 899 2524 ’
919 2542 1153 2619 gnum
1192 2528 1382 2596 esset
1415 2541 1638 2616 penes
1672 2541 1799 2595 eos
1831 2542 2054 2615 penes
2090 2542 2276 2615 quos
2310 2529 2501 2596 esset
2536 2521 2861 2597 victoria.
2890 2522 2970 2594 ln
3003 2521 3254 2616 proelio

922 2642 1145 2739 igitur
1199 2648 1345 2734 tres
1397 2640 1697 2717 Curiatii
1731 2639 2097 2714 vulnerati
2146 2647 2317 2713 sunt
2366 2647 2440 2715 et
2490 2640 2638 2715 duo
2673 2641 2962 2715 romani
3007 2641 3251 2733 occisi;

921 2762 1051 2837 sed
1100 2762 1358 2836 tertius
1411 2781 1761 2835 romanus
1810 2759 2153 2834 Horatius
2203 2780 2451 2854 sospes
2493 2782 2759 2857 magna
2802 2761 3152 2835 industria
3185 2768 3257 2835 et

918 2888 1080 2957 arte
1131 2881 1489 2956 interfecit
1538 2900 1795 2954 omnes
1845 2886 1996 2952 tres
2036 2878 2397 2953 Curiatios
2445 2885 2518 2953 et
2571 2880 2952 2954 victoriam
2988 2889 3063 2955 et
3103 2881 3256 2975 glo-

921 3005 1107 3078 riam
1157 3022 1331 3075 cum
1382 3000 1703 3073 dominio
1755 3000 2162 3094 reportavit,
2206 2999 2541 3073 Romam,
2594 3001 2856 3075 Postea
2908 3001 3157 3074 Tullus
3180 2993 3252 3091 (¹)

920 3122 1221 3197 Metium
1271 3120 1537 3194 ducem
1588 3120 2050 3213 albanorum,
2104 3120 2276 3212 quia
2328 3120 2681 3195 fefellerat
2730 3122 2861 3194 sibi
2915 3121 3132 3196 [idem
3186 3120 3255 3194 in

922 3241 1066 3316 alio
1101 3239 1360 3335 proelio
1394 3246 1648 3313 contra
1682 3241 1951 3333 hosteS‚
1987 3240 2175 3313 inter
2211 3260 2443 3332 equos
2478 3240 2784 3315 lacerari
2819 3243 3007 3334 fecit,
3036 3247 3109 3316 et
3142 3240 3261 3312 Al-

923 3361 1095 3434 bam
1150 3358 1434 3451 evertit,
1471 3364 1546 3433 et
1585 3358 1831 3432 omnia
1884 3358 2253 3432 transtulit
2300 3360 2646 3433 Romam:
2681 3367 2756 3435 et
2779 3352 2851 3451 (²)
2893 3361 3085 3434 illam
3126 3381 3258 3433 an-

926 3480 1204 3572 tiquam
1258 3485 1571 3553 matrem
1632 3479 1887 3552 Romae
1937 3478 2011 3551 in
2063 3484 2396 3553 ventrem
2462 3480 2625 3553 filiae
2687 3481 3000 3574 reduxit,
3053 3481 3156 3554 sic
3179 3470 3255 3571 (³)

925 3599 1096 3673 viris
1146 3606 1221 3673 et
1270 3599 1548 3672 viribus
1595 3600 1831 3673 Roma
1884 3598 2135 3672 crevit.
2190 3599 2371 3673 Dicit
2422 3621 2603 3695 ergo
2653 3600 2744 3674 ad
2795 3603 3120 3676 literam:
3172 3606 3262 3674 Et

925 3722 1125 3812 oure,
1182 3719 1452 3794 scilicet
1500 3719 1747 3814 aquila
1798 3719 1968 3793 fecit
2020 3738 2308 3793 moram
2362 3720 2435 3793 in
2484 3719 2689 3812 Alba,
2739 3723 2956 3813 infino
3005 3725 3085 3794 al
3122 3724 3259 3814 fine

922 3842 1043 3913 che
1090 3842 1119 3913 i
1166 3847 1297 3933 tre,
1354 3839 1648 3934 scilicet,
1698 3838 1975 3914 Horatii
2026 3838 2174 3913 nati
2217 3838 2476 3913 eodem
2514 3846 2754 3933 partu,
2791 3861 2828 3912 e
2875 3843 2903 3912 i
2950 3847 3082 3933 tre,
3122 3840 3259 3915 sci-

921 3960 1110 4055 licet,
1163 3959 1462 4035 Curiatii
1533 3960 1862 4033 similiter
1929 3960 2074 4032 nati
2140 3980 2291 4032 uno
2354 3966 2594 4052 partu,
2646 3980 2939 4051 puynar
2982 3982 3112 4052 per
3168 3963 3263 4032 lm‘

920 4100 1221 4171 ancora,
1273 4079 1563 4171 scilicet,
1615 4101 1751 4173 pro
1800 4078 1924 4151 illo
1976 4078 2183 4174 signo
2233 4079 2520 4172 aquilae.
2550 4085 2740 4151 —E
2781 4082 2911 4152 sai.
2954 4081 3084 4156 Hic
3132 4080 3265 4154 Ju-

921 4197 1273 4270 stinianus
1342 4197 1772 4272 mirabiliter
1849 4197 2268 4293 perstringit
2347 4197 2536 4274 sacta
2613 4198 2752 4272 sub
2819 4200 3064 4294 aquila
3132 4219 3265 4294 per

924 4324 1164 4391 totum
1218 4324 1506 4411 tempus
1560 4338 1862 4413 regum3
1905 4323 1980 4391 et
2023 4316 2250 4412 tangit
2300 4317 2449 4391 duo
2499 4319 2814 4394 notanda
2847 4327 3074 4416 gesta,
3118 4319 3264 4414 pri-

1052 4576 1106 4636 ι’)
1140 4573 1200 4624 E.
1234 4572 1421 4624 Tullus
1452 4587 1546 4624 rex
1577 4574 1815 4627 Metinm.
2003 4574 2058 4636 (⁸)
2089 4580 2119 4625 4
2149 4588 2182 4625 e
2214 4574 2276 4625 Ε.
2306 4580 2360 4627 et
2390 4576 2466 4627 sic
2496 4576 2659 4628 illam.
2856 4577 2910 4640 (‘)
2941 4577 3005 4629 B.
3035 4581 3091 4629 et
3120 4578 3209 4629 tic.
