3734 5567
1000 514 1142 583 506
1318 519 1321 522 ’
1776 528 2006 581 mDEx
2056 529 2239 582 'rom
2286 527 2578 594 QUAR‘n.

990 671 1259 725 CANTUS
1300 667 1724 728 TRIGESIMUS,
1770 668 1823 717 in
1867 681 1974 731 quo
2016 673 2206 720 tractat
2245 669 2382 720 sicut
2411 670 2619 720 Beatrix
2660 672 2901 734 apparuit
2946 673 2993 723 ei
3036 673 3196 725 induta

1084 748 1335 808 flammis3
1368 751 1423 797 et
1453 747 1587 796 sicut
1608 746 1698 795 illa
1720 744 1930 795 domina
1951 759 2068 809 quas
2102 746 2342 810 apparuit
2376 747 2528 799 Danti
2562 749 2706 810 prins
2736 749 2905 800 multa
2938 754 3197 815 receptavit

1082 823 1305 888 Beatrici
1339 823 1404 872 de
1436 822 1654 872 crimine
1686 822 1864 872 Dantis
1906 835 2002 872 cur
2045 823 2154 885 ipse
2186 823 2510 887 relinquerat
2539 837 2654 875 eam
2687 839 2783 888 pro
2816 826 2933 877 aliis
2964 829 3123 888 vanis;
3150 834 3199 880 et

1082 901 1216 953 sicut
1246 901 1439 950 Dantes
1470 900 1690 962 ploravit
1722 912 1902 949 coram
1936 899 2045 963 ipsa
2077 911 2133 950 ae
2166 900 2363 962 pudens
2377 937 3054 955 ......................
3087 905 3196 970 Pag.
3221 911 3296 957 2⁰4

986 1017 1252 1070 CANTUS
1301 1015 1706 1066 TRIGESlMUS
1756 1013 2028 1074 PRIMUS,
2061 1015 2150 1064 ubi
2198 1030 2379 1066 coram
2423 1017 2660 1068 Reatrice
2707 1019 2974 1071 confessus
3011 1026 3088 1071 est
3114 1036 3199 1084 pro

1082 1093 1324 1146 omuibus
1353 1093 1460 1141 suis
1490 1091 1656 1154 culpis
1688 1090 1754 1141 ab
1782 1103 1848 1141 eo
1881 1091 2030 1141 t'actis
2063 1096 2244 1143 contra
2275 1093 2588 1155 Beatricem,
2611 1101 2668 1145 et
2694 1097 2958 1159 quomodo
2990 1099 3196 1161 domna,

1082 1184 1239 1235 quam
1273 1169 1416 1231 prius
1446 1167 1658 1227 invenit,
1689 1179 1813 1217 eum
1845 1167 1993 1216 duxit
2023 1173 2079 1217 et
2111 1168 2331 1219 transire
2362 1169 2486 1220 fecit
2517 1170 2732 1231 flumen,
2768 1180 2822 1224 et
2853 1174 3022 1237 ipsum
3044 1176 3201 1227 taliter

1081 1248 1207 1298 arsit
1226 1245 1366 1309 quod
1389 1244 1509 1295 bibit
1541 1244 1605 1293 de
1635 1256 1696 1293 ea
1729 1255 1889 1306 aqua:
1921 1247 1976 1292 et
2006 1243 2063 1293 in
2085 1243 2184 1293 fine
2206 1244 2395 1294 ductus
2425 1250 2505 1295 est
2537 1260 2632 1308 per
2664 1248 2808 1298 illam
2841 1256 2896 1300 et
2927 1251 3051 1302 alias
3080 1266 3201 1316 qua-

1080 1327 1205 1374 tuor
1234 1323 1469 1372 dominas
1502 1333 1679 1371 coram
1712 1319 1950 1370 Beatrice
1983 1325 2225 1384 rogantes
2255 1334 2372 1372 eam
2406 1335 2503 1384 pro
2537 1323 2702 1374 Dante
2723 1362 3199 1379 ................
3223 1334 3297 1379 22⁸

986 1446 1254 1498 CANTUS
1288 1443 1695 1495 TRIGESIMUS
1726 1442 2091 1504 SECUNDUS,
2124 1443 2180 1493 in
2212 1458 2318 1507 quo
2351 1448 2541 1495 tractat
2572 1446 2706 1496 sicut
2737 1452 2952 1498 secutus
2981 1454 3059 1499 est
3088 1463 3203 1499 cur-

1080 1535 1204 1573 rum
1235 1535 1356 1572 cum
1389 1520 1691 1571 dominabus
1720 1525 1775 1570 et
1806 1520 2119 1581 senioribus;
2153 1524 2208 1569 et
2238 1522 2372 1572 sicut
2405 1521 2578 1585 aquila
2609 1524 2866 1584 percussit
2897 1539 3126 1585 currum,
3155 1530 3204 1575 et

1080 1599 1146 1649 de
1166 1597 1340 1660 vulpe,
1362 1601 1416 1646 et
1435 1596 1500 1645 de
1522 1609 1644 1646 vera
1665 1595 2065 1659 significatione;
2098 1601 2149 1646 et
2184 1597 2238 1645 in
2269 1595 2372 1646 fine
2404 1596 2469 1645 de
2501 1597 2708 1660 gigante
2738 1604 2794 1649 et
2825 1600 2893 1649 de
2926 1602 3204 1661 meretrice,

1082 1680 1137 1724 et
1168 1674 1234 1723 de
1265 1673 1445 1723 multis
1478 1673 1591 1723 aliis
1609 1709 3206 1728 ...................................................
3232 1683 3307 1730 241

984 1792 1252 1844 CANTUS
1294 1790 1702 1843 TRIGESIMUS
1746 1791 2042 1842 TERTIUS
2075 1791 2167 1842 ΕΤ
2210 1791 2516 1846 ULTIMUS
2558 1793 2999 1858 PURGATORII,
3032 1796 3084 1846 in
3112 1811 3206 1861 quo

1080 1869 1293 1920 Beatrix
1324 1868 1609 1920 declaravit
1638 1868 1813 1919 omnia
1848 1868 2019 1928 Danti,
2055 1869 2119 1918 de
2162 1869 2333 1932 aquila
2375 1870 2622 1932 praedicta
2662 1876 2715 1921 et
2756 1872 2821 1922 de
2866 1874 3024 1938 vulpe
3064 1879 3114 1925 et
3152 1874 3208 1924 de

1077 1946 1282 2010 gigante
1313 1949 1369 1995 et
1399 1946 1696 2005 meretrice,
1729 1951 1784 1996 et
1816 1945 1882 1995 de
1914 1945 2095 1996 multis
2134 1945 2314 1996 flendis
2351 1958 2446 2009 per
2485 1947 2762 2010 quemdam
2807 1949 3001 2001 ducem
3033 1954 3207 2002 ventu-

1077 2035 1227 2147 {mm
1260 2026 1314 2071 et
1314 2035 1411 2147 uz
1448 2021 1551 2071 fine
1591 2021 1715 2073 visis
1754 2026 1983 2085 quatuor
2024 2020 2326 2072 fluminibus
2358 2022 2599 2085 paradisi,
2632 2023 2908 2076 exiverunt
2940 2027 3007 2077 ad
3038 2027 3205 2078 viden-

1113 2111 1204 2147 um
1235 2101 1313 2148 ste
1414 2134 3200 2156 .........................................................
3225 2108 3302 2155 906

1666 2317 2174 2448 οοΜΕΝΤυΜ
2225 2329 2702 2448 ΡΑΒΑοιει.’

984 2602 1252 2655 CANTUS
1284 2602 1555 2663 PRIMUS,
1592 2603 1644 2652 in
1675 2616 1781 2666 quo
1814 2602 2025 2665 ponitur
2058 2604 2387 2665 prohemium
2408 2639 3206 2655 ..........................
3231 2605 3304 2652 2⁹1

980 2723 1249 2776 CANTUS
1279 2722 1640 2783 SECUNDUS,
1672 2723 1728 2772 in
1759 2736 1865 2786 quo
1898 2723 2196 2774 continetur
2219 2737 2460 2775 ascensus
2488 2726 2543 2775 in
2574 2738 2782 2789 speram
2813 2725 2975 2787 lunas,
2998 2727 3087 2776 ubi
3117 2738 3207 2789 po-

1072 2801 1217 2850 nitur
1248 2800 1486 2864 quaedam
1518 2799 1735 2863 quaestio
1768 2799 1832 2848 de
1863 2799 2182 2851 obscuritate
2212 2814 2331 2864 quoe
2363 2804 2577 2864 apparet
2609 2802 2662 2850 in
2695 2802 2821 2851 luna
2849 2837 3203 2853 ............
3230 2802 3306 2849 335

981 2918 1250 2971 CANTUS
1284 2917 1595 2979 TERTIUS,
1629 2917 1682 2967 in
1716 2930 1821 2981 quo
1853 2915 2097 2969 movetur
2128 2921 2344 2982 quaestio
2375 2924 2432 2970 et
2462 2919 2761 2970 declaratur
2792 2922 3003 2983 veritas,
3037 2926 3208 2972 utrum

1073 2995 1181 3046 iuae
1212 2996 1399 3045 animm
1432 3007 1549 3058 quie
1580 2998 1703 3044 sunt
1734 2993 2010 3045 inferiores
2042 2994 2237 3045 vellent
2267 2994 2559 3046 feliciorem
2590 2996 2807 3059 gradum
2814 3033 3208 3048 .............
3241 2998 3318 3045 361

980 3111 1248 3164 CANTUS
1287 3110 1626 3173 QUARTUS,
1658 3111 1712 3160 in
1753 3123 1861 3173 quo
1902 3109 2122 3160 solvitur
2161 3111 2378 3174 quaestio
2409 3110 2475 3161 de
2508 3114 2648 3173 voto,
2681 3111 2769 3161 ubi
2803 3113 3043 3176 tangitur
3073 3112 3206 3177 quod

1068 3189 1308 3240 voluntas
1338 3187 1531 3250 duplex
1562 3192 1658 3247 est,
1693 3188 1929 3237 absoluta
1960 3191 2015 3237 et
2047 3187 2208 3237 mixta
2243 3224 3205 3240 ...............................
3235 3190 3312 3237 381

981 3307 1249 3360 CANTUS
1278 3307 1587 3370 QUINTUS,
1622 3307 1675 3356 in
1707 3321 1813 3371 quo
1835 3307 2004 3358 multa
2026 3306 2361 3359 declarantur
2385 3308 2450 3358 de
2473 3313 2614 3369 voto,
2646 3311 2702 3358 et
2734 3308 2952 3371 ponitur
2974 3320 3207 3360 ascensus

1068 3387 1122 3435 in
1154 3397 1357 3449 speram
1393 3384 1648 3436 Mercurii
1665 3420 3201 3436 .................................................
3231 3383 3311 3433 600

977 3505 1247 3559 CANTUS
1296 3504 1578 3564 SEXTUS,
1626 3507 1680 3556 in
1728 3518 1835 3568 quo
1886 3505 2235 3556 introducitur
2284 3505 2601 3556 lastinianus
2650 3505 2958 3569 imperator,
3001 3517 3210 3556 narrans

1069 3582 1235 3634 multa
1267 3596 1384 3646 quae
1418 3585 1560 3645 gesta
1591 3584 1713 3631 sunt
1744 3581 1842 3631 sub
1873 3581 2018 3644 signo
2050 3581 2237 3645 aquilae
2242 3616 3206 3632 ...............................
3236 3580 3314 3628 417

979 3702 1246 3755 CANTUS
1277 3702 1631 3763 SEPTIMUS,
1656 3703 1710 3754 in
1732 3715 1838 3767 quo
1860 3704 2158 3754 continetur
2186 3702 2554 3752 exterminium
2575 3700 2889 3765 judaeorum,
2913 3699 3008 3749 ubi
3027 3700 3210 3749 tractat

1071 3780 1136 3832 de
1166 3784 1337 3830 morte
1368 3779 1559 3830 Christi
1573 3810 3203 3830 ....................................................
3235 3772 3317 3822 400

979 3897 1246 3951 CANTUS
1277 3898 1606 3960 OCTAVUS,
1641 3900 1694 3950 in
1736 3914 1843 3964 quo
1885 3900 2096 3963 ponitur
2129 3855 2370 3951 ascensus
2411 3901 2465 3950 in
2505 3912 2714 3964 speram
2745 3897 2985 3956 Veneris,
3017 3897 3072 3947 in
3111 3907 3210 3959 qua

1070 3975 1236 4025 multa
1267 3989 1486 4026 narrans
1515 3977 1869 4029 introducitur
1901 3976 2119 4028 Carolus
2150 3991 2245 4028 rex
2276 4006 3208 4029 ..............................
3236 3968 3320 4017 m
