3734 5567
1024 495 1166 561 480
1808 503 2218 558 commu
2265 503 2599 557 Pmmsl

1016 650 1202 724 vatis
1267 648 1669 739 amoribuS,
1738 647 1959 743 coepit
2035 648 2326 743 publice
2404 647 2647 722 facere
2714 652 3115 742 quaestum,
3179 649 3336 723 sicut

1019 775 1269 863 postea
1320 768 1488 843 fecit
1536 767 1915 843 Messalina
1966 767 2394 863 imperatrix
2449 788 2784 861 romana,
2840 767 2938 842 de
2996 789 3140 861 qua
3196 769 3337 842 dicit

1019 888 1425 963 Iuvenalis:
1478 895 1545 961 et
1589 889 1858 961 lassata
1909 890 2224 978 quamvis
2271 890 2585 961 nondum
2632 890 2900 960 satiata
2951 890 3230 962 recessit.
3266 888 3335 961 Et

1019 1011 1266 1085 Venus
1331 1008 1712 1104 lupanaria
1781 1007 2017 1102 prima
2080 1007 2394 1102 invenit3
2455 1028 2629 1102 quae
2692 1008 2951 1083 omnia
3012 1008 3336 1082 credibilia

1022 1129 1189 1204 facit
1242 1129 1472 1223 turpis
1521 1127 1981 1202 consuetudo
2031 1127 2481 1222 cypriorum,
2535 1127 2661 1221 qui
2712 1133 2882 1223 post
2948 1129 3177 1201 multa
3229 1147 3340 1200 sae·

1021 1251 1192 1324 cula
1241 1249 1626 1323 mittebant
1676 1247 1995 1344 virgines
2045 1269 2218 1322 suas
2266 1248 2361 1322 ad
2412 1248 2624 1323 litora
2679 1249 2911 1324 maris
2965 1255 3052 1322 ut
3091 1249 3340 1322 solven-

1022 1376 1133 1445 tes
1181 1368 1535 1464 primitias
1586 1368 1937 1444 castitatis
1968 1368 2235 1443 Veneri
2285 1369 2758 1462 acquirerent
2791 1370 3009 1444 dotes
3059 1390 3148 1444 ex
3196 1388 3340 1442 con-

1019 1489 1274 1565 cubitu
1326 1490 1915 1587 peregrinorum,
1954 1495 2038 1562 ut
2069 1488 2240 1564 dicit
2273 1490 2620 1563 Iustinus.
2656 1490 2849 1564 Dicit
2883 1489 3106 1565 etiam
3142 1488 3340 1563 simile

1016 1609 1409 1703 aliquando
1458 1610 1804 1685 accidisse
1852 1611 1929 1683 in
1978 1609 2179 1684 Italia
2231 1610 2426 1704 apud
2476 1612 2748 1685 Locros
2811 1610 3184 1686 civitatem
3229 1609 3341 1683 Ca-

1016 1730 1286 1804 labriae.
1341 1731 1449 1805 Ad
1501 1731 1792 1806 literam
1844 1751 2026 1825 ergo
2086 1730 2255 1805 dicit
2307 1737 2545 1825 poeta,
2599 1731 2725 1824 qui
2777 1731 2912 1804 diu
2981 1730 3115 1803 fuit
3164 1726 3342 1801 nimis

1013 1858 1441 1926 amoratus:
1496 1857 1595 1925 Lo
1631 1853 1915 1943 mondo,
1958 1851 2141 1926 idest
2176 1851 2509 1925 homines
2555 1850 2918 1925 mundani
2952 1850 3150 1943 olim,
3181 1851 3343 1920 solea

1013 1974 1298 2047 credere
1344 1976 1420 2045 in
1467 1994 1596 2045 suo
1624 1975 1920 2066 periclo,
1964 1991 2096 2066 pro
2131 1971 2485 2066 periculo,
2520 1970 2813 2066 scilicet,
2853 1972 2932 2045 in
2975 1967 3338 2066 perniciem

1015 2092 1463 2185 animarum,
1515 2093 1635 2164 che
1686 2095 1758 2164 la
1807 2092 1986 2164 bella
2039 2093 2403 2184 Cipriyna,
2439 2091 2622 2165 idest
2657 2091 2935 2185 VenuS,
2982 2089 3106 2165 cui
3152 2089 3338 2162 Clau-

1013 2210 1276 2286 dianus
1337 2211 1413 2284 in
1473 2210 1733 2285 maiori
1793 2210 2134 2285 describit
2183 2211 2716 2306 pulcerrimum
2786 2210 3217 2286 viridarium
3243 2231 3261 2301 3
3303 2207 3345 2278 il

1011 2333 1180 2423 folle
1235 2351 1506 2423 amore,
1564 2330 1755 2406 bene
1815 2330 2032 2424 dicit3
2085 2352 2259 2405 nam
2311 2331 2580 2425 duplex
2634 2338 2744 2405 est
2805 2351 3056 2424 amor,
3106 2326 3339 2402 scilicet

1014 2470 1231 2523 amor
1281 2449 1642 2545 amicitiae⁷
1694 2450 1822 2545 qui
1875 2456 1986 2525 est
2033 2471 2247 2525 amor
2281 2449 2572 2525 virtutis
2611 2456 2920 2545 propter
2953 2452 3335 2535 honestum,

1017 2575 1091 2643 et
1124 2590 1338 2644 amor
1372 2571 1977 2667 concupiscentiae
2026 2571 2361 2665 lascivus,
2399 2571 2526 2665 qui
2563 2576 2674 2645 est
2706 2579 3017 2667 propter
3055 2570 3339 2644 delecta-

1014 2688 1191 2783 bile3
1245 2696 1319 2763 et
1367 2690 1460 2765 de
1507 2691 1629 2765 tali
1683 2691 2014 2785 loquitur
2063 2697 2282 2765 autor
2335 2691 2474 2784 hic,
2527 2691 2701 2785 quia
2751 2697 2866 2765 est
2918 2687 3337 2787 perniciosus

1012 2816 1231 2883 autor
1273 2812 1680 2884 multorum
1732 2817 1807 2885 et
1858 2831 2304 2907 magnorum
2332 2804 2403 2903 (⁴)
2444 2812 2847 2904 malorum3
2888 2812 2986 2886 de
3021 2828 3168 2904 quo
3197 2804 3336 2877 Vir-

1009 2929 1226 3026 gilius
1277 2936 1491 3026 poeta
1540 2951 1930 3005 amorosus
1979 2930 2181 3025 dicit3
2234 2930 2433 3024 quod
2483 2930 2800 3005 crudelis
2851 2951 3073 3006 amor
3121 2923 3338 3001 docuit

1008 3057 1328 3125 matrem
1380 3052 1759 3128 maculare
1809 3073 2078 3126 manus
2128 3051 2489 3146 sanguine
2542 3050 2905 3146 filiorum3
2966 3052 3333 3142 rayyiasse,

1011 3170 1214 3264 idest,
1276 3171 1635 3266 influeret,
1702 3176 1892 3246 volta
1953 3175 2072 3247 nel
2130 3180 2327 3245 terzo
2389 3174 2695 3265 epiciclo,
2759 3172 2971 3267 idest,
3027 3172 3101 3245 in
3149 3162 3337 3242 tertio

1011 3289 1200 3364 coelo
1250 3290 1406 3365 sive
1453 3291 1683 3385 orbe3
1719 3298 1795 3366 et
1837 3291 2132 3386 ponitur
2165 3313 2334 3385 pars
2369 3312 2504 3386 pro
2540 3297 2713 3365 toto.
2750 3291 3135 3387 Epicyclus
3166 3282 3334 3360 enim

1012 3415 1323 3482 vocatur
1355 3410 1450 3484 ab
1483 3411 1867 3507 astrologis
1901 3411 2246 3505 circuluS,
2274 3431 2500 3506 quem
2536 3412 2827 3506 planeta
2862 3411 3037 3487 facit
3071 3401 3336 3503 quando

1012 3535 1125 3603 est
1191 3530 1683 3626 retrogradus.
1755 3532 1844 3603 Et
1912 3536 2083 3605 nota
2135 3531 2334 3625 quod
2400 3531 2646 3605 caeteri
2711 3531 3027 3626 planetae
3093 3524 3336 3601 babent

1012 3670 1233 3724 suum
1286 3650 1689 3746 epicyclum
1743 3657 2014 3748 praeter
2065 3653 2319 3746 solem,
2367 3651 2494 3745 qui
2545 3651 2710 3726 ideo
2762 3659 2968 3727 caret
3019 3642 3334 3744 epicyclo,

1010 3792 1106 3864 qu
1118 3770 1185 3845 ia
1235 3791 1409 3844 cum
1463 3777 1653 3845 esset
1701 3770 2181 3867 retrogradus
2231 3771 2618 3866 impediret
2664 3771 3239 3867 generationem,
3274 3764 3336 3833 et

1009 3892 1203 3965 male
1251 3890 1665 3986 disponeret
1716 3891 1923 3965 nobis
1971 3891 2149 3985 dies,
2203 3911 2494 3966 menses
2544 3896 2619 3965 et
2675 3912 2929 3965 annos.
2995 3890 3082 3962 Et
3118 3876 3336 3960 subdit

1008 4011 1381 4103 quomodo
1432 4031 1527 4085 ex
1578 4011 1717 4085 hoc
1766 4010 2342 4107 singularissime
2391 4012 2945 4085 honoraverunt
2985 4028 3148 4086 eam
3196 3997 3331 4076 dei-

1006 4137 1230 4205 tatem
1284 4130 1503 4205 etiam
1555 4130 1631 4203 in
1682 4151 1996 4225 persona
2050 4131 2303 4205 matris
2343 4137 2416 4205 et
2457 4130 2607 4225 filii,
2641 4131 2934 4206 dicens:
2997 4119 3241 4223 perche*
3280 4121 3332 4190 le

1003 4254 1191 4342 qemi
1238 4252 1530 4342 antiche,
1581 4250 1789 4345 idest,
1837 4252 2119 4346 antiqui
2171 4251 2500 4349 gentiles»,
2543 4258 2619 4327 et
2673 4252 2912 4347 primo
2962 4258 3040 4327 et
3087 4238 3328 4344 princi-

1003 4368 1264 4464 paliter
1315 4369 1661 4463 cypriani,
1697 4371 1823 4464 qui
1867 4371 2091 4446 etiam
2132 4372 2485 4448 hodierna
2535 4372 2654 4448 die
2704 4372 2875 4449 satis
2925 4372 3170 4447 colunt
3200 4360 3324 4434 Ve-

1128 4628 1184 4692 (¹)
1216 4628 1279 4680 13.
1312 4628 1589 4679 maiorum.
