3734 5567
40 1419 51 1448 u-
41 1297 53 1346 -v-
40 1175 54 1224 ’τ-
40 1051 52 1102 ιτ-
41 929 56 979 ῷ
41 807 58 857 -
41 682 61 734 Ὗ

1391 491 1666 545 emus
1715 492 2004 546 sEx'rus.
2724 485 2860 554 421

523 639 874 714 stinianus
923 636 1263 711 describit
1313 656 1527 709 suam
1566 635 2106 730 dispositionem
2140 635 2234 710 ad
2271 638 2468 733 leges
2505 657 2635 732 per
2670 659 2751 712 se
2793 645 2867 714 et

523 759 614 833 ad
656 758 845 831 bella
882 776 1013 852 per
1046 756 1296 829 alium.
1336 755 1421 827 Et
1462 776 1597 850 pro
1647 756 1877 831 literae
1929 755 2416 830 declaratione
2468 764 2576 831 est
2626 760 2865 853 primo

525 878 899 953 sciendum
978 877 1174 970 quod
1238 876 1653 950 Bellisarius
1723 877 1833 950 vir
1901 877 2249 971 patricius
2315 880 2864 955 strenuissimus

526 1001 757 1072 multa
791 1006 867 1073 et
901 1019 1166 1093 magna
1191 997 1379 1071 bella
1416 994 1820 1071 felicissime
1844 996 2104 1092 gessit3
2133 996 2256 1071 sed
2288 998 2656 1091 potissime
2701 1001 2864 1095 tria,

526 1120 796 1193 scilicet
828 1120 902 1191 in
937 1118 1103 1192 Asia
1152 1124 1407 1191 contra
1458 1137 1731 1211 persaS‚
1767 1116 1840 1188 in
1893 1116 2133 1190 Africa
2183 1124 2435 1190 contra
2493 1117 2862 1213 vandalos,

527 1238 601 1312 in
634 1240 925 1332 Europa
961 1245 1214 1312 contra
1257 1237 1538 1333 gothos.
1577 1237 1825 1309 Primo
1860 1255 2041 1332 ergo
2081 1236 2343 1310 missus
2381 1257 2427 1310 a
2459 1238 2866 1314 iustiniano

527 1365 781 1431 contra
816 1376 1089 1452 perSaS,
1118 1356 1242 1449 qui
1272 1355 1707 1430 excedentes
1745 1354 2096 1428 terminos
2122 1356 2446 1449 graviter
2482 1359 2866 1433 vastabant

528 1476 935 1571 provincias
977 1476 1260 1550 romani
1315 1475 1630 1570 imperii:
1670 1474 1805 1546 illis
1845 1473 2146 1547 feliciter
2188 1474 2561 1548 debellatis
2604 1476 2694 1549 de
2734 1498 2867 1551 vo-

525 1598 804 1670 luntate
864 1596 1202 1691 principis
1261 1594 1958 1688 Constantinopolim
2028 1593 2485 1688 triumphans
2546 1595 2860 1670 intravit.

525 1718 800 1792 Deinde
829 1710 901 1809 (¹)
959 1718 1223 1814 missus
1273 1717 1347 1789 in
1399 1715 1716 1789 Africam
1770 1722 2024 1789 contra
2080 1714 2422 1788 vandalos
2473 1717 2864 1792 commisso

526 1840 787 1935 proelio
858 1845 1162 1934 magnas
1231 1837 1474 1932 copias
1541 1855 1804 1910 eorum
1867 1836 2060 1928 vicit,
2121 1843 2197 1910 et
2271 1856 2521 1932 regem
2599 1858 2861 1914 eorum

529 1962 829 2036 nomine
896 1960 1384 2033 Gelismerum
1462 1957 1714 2030 vivum
1794 1964 2089 2050 captum
2169 1957 2856 2051 Constantinopolim

527 2082 720 2155 misit
769 2080 860 2154 ad
913 2081 1455 2174 imperatorem.
1509 2077 1626 2152 Sic
1675 2076 2043 2172 Carthago
2085 2083 2244 2171 post
2294 2099 2570 2151 annum
2627 2083 2859 2156 no‘na-

529 2201 894 2298 gesimum
948 2207 1239 2273 sextum
1295 2205 1681 2293 postquam
1733 2216 1779 2269 a
1818 2195 2143 2269 vandalis
2187 2203 2396 2291 capta
2439 2197 2680 2271 suerat
2730 2219 2861 2292 per

531 2317 1339 2417 regem‘Gensericum‚
1380 2323 1686 2412 recepta'
1724 2321 1833 2389 est
1883 2316 1976 2388 ab
2031 2314 2475 2408 imperatore
2527 2336 2857 2392 romano.

529 2442 695 2514 Post
733 2443 888 2520 haec
922 2438 1369 2512 Justinianus
1408 2437 1598 2510 misit
1631 2436 2089 2510 Bellisarium
2125 2437 2373 2508 multis
2409 2437 2676 2530 proeliis
2704 2438 2866 2533 glo-

530 2560 807 2632 riosum
860 2565 1115 2631 contra
1165 2556 1620 2631 Theodatum
1685 2562 1768 2630 ut
1827 2556 2105 2629 ltaliam
2164 2577 2209 2629 a
2260 2557 2655 2650 gothorum
2710 2577 2866 2631 ser-

530 2678 703 2752 vitio
745 2677 1120 2751 liberaret:
1175 2677 1302 2771 qui
1336 2697 1509 2749 cum
1548 2677 1874 2749 traheret
1917 2696 2202 2748 moram
2241 2674 2313 2747 in
2350 2675 2583 2748 Sicilia
2627 2676 2865 2750 Tbeo-

527 2798 741 2871 datus
793 2803 1133 2871 mortuus
1183 2803 1331 2889 est3
1383 2796 1457 2869 in
1516 2796 1727 2870 cuius
1785 2796 2032 2870 locum
2070 2795 2319 2892 Vitigis
2367 2796 2735 2890 successit,
2789 2802 2864 2870 et

526 2918 873 2993 continuo
922 2924 1223 3013 accepto
1276 2937 1506 3011 regno
1558 2918 1985 2990 Ravennam
2038 2916 2275 2990 venit:
2328 2923 2583 2991 contra
2635 2936 2860 3008 quem
2988 3017 2995 3024 ο

527 3037 943 3113 Bellisarius
994 3036 1353 3111 convertit
1407 3035 1621 3129 vireS‚
1673 3042 1748 3109 et
1797 3035 1890 3110 de
1939 3035 2174 3109 Sicilia
2239 3036 2433 3110 venit
2483 3036 2859 3130 Neapolim

530 3162 1021 3251 receptantem
1059 3156 1345 3252 gotboS‚
1386 3161 1461 3229 et
1501 3155 1698 3227 illam
1735 3154 2103 3229 civitatem
2144 3155 2426 3251 magnis
2467 3154 2743 3230 viribus
2795 3154 2865 3227 in

531 3295 798 3372 magno
849 3276 1100 3349 surore
1150 3276 1338 3369 cepit
1386 3294 1559 3349 cum
1613 3274 1813 3347 omni
1864 3294 2142 3370 genere
2180 3274 2658 3348 crudelitatis:
2698 3274 2866 3349 inde

532 3395 825 3469 veniens
858 3395 1168 3468 Romam
1224 3394 1420 3467 illam
1477 3394 1775 3475 intravit
1808 3394 2048 3490 gothis
2083 3394 2527 3494 fugientibus
2572 3395 2866 3469 Raven-

530 3535 723 3587 nam.
778 3514 864 3586 Et
923 3513 1270 3588 continuo
1323 3513 1573 3608 Vitigis
1623 3534 1796 3588 cum
1859 3535 2129 3611 magno
2190 3515 2515 3592 exercitu
2587 3514 2869 3588 obsedit

530 3634 996 3708 Bellisarium.
1063 3634 1248 3706 intra
1325 3632 1590 3707 urbem
1667 3639 1879 3708 extra
1957 3635 2350 3709 crudeliter
2419 3635 2664 3709 omnia
2737 3655 2868 3716 va-

528 3761 725 3828 stans
789 3760 863 3826 et
929 3743 1089 3847 post
1152 3773 1431 3827 annum
1495 3747 1708 3834 rediit
1770 3755 2220 3849 Ravennam,
2275 3763 2347 3829 et
2415 3761 2867 3851 congregato

529 3895 799 3971 magno
850 3873 1178 3949 exercitu
1230 3874 1549 3947 conflixit
1599 3896 1770 3949 cum
1808 3876 2204 3970 Bellisario,
2243 3876 2369 3951 sed
2423 3878 2657 3951 victus
2692 3898 2864 3954 cum

526 4016 793 4091 magna
846 4000 1092 4090 strage
1143 4016 1452 4069 suorum
1506 3995 1792 4091 fugiens
1842 4007 2099 4091 captus
2149 4003 2278 4071 est.
2342 3997 2758 4070 Bellisarius
2788 3988 2864 4090 (²)

526 4115 757 4188 victor
791 4115 994 4188 illum
1032 4135 1283 4189 secum
1321 4114 1529 4188 duxit
1568 4115 2284 4212 Constantinopolim.
2326 4117 2534 4191 Nunc
2574 4118 2666 4192 ad
2704 4118 2863 4194 lite-

528 4253 686 4304 ram
738 4233 904 4306 dicit
952 4234 1438 4308 iustinianus:
1513 4240 1717 4308 Tosco
1775 4240 1895 4310 che
1952 4259 2083 4310 con
2142 4241 2214 4310 Ia
2277 4240 2504 4311 chiesa
2563 4243 2778 4312 mossi
2839 4245 2867 4318 i

525 4355 732 4445 piedi,
759 4351 960 4447 idest,
989 4374 1212 4446 quam
1251 4355 1393 4428 cito
1428 4355 1662 4430 factus
1696 4378 1860 4430 sum
1901 4377 2123 4431 verus
2156 4358 2613 4453 christianu5‚
2643 4380 2690 4430 a
2723 4361 2861 4433 Dio

648 4604 703 4668 (¹)
737 4606 799 4656 E.
831 4606 1028 4657 Deinde
1058 4608 1316 4673 ingressus
1343 4610 1596 4664 Africam.
1906 4614 1959 4677 (²)
1993 4615 2054 4665 E.
2086 4616 2175 4666 sed
2206 4616 2520 4667 Bellisarius.
