3734 5567
1360 474 1637 530 CANTUS
1687 476 2012 531 TERTIUs.
2715 466 2856 533 367

512 629 764 719 postea
813 620 1140 714 dicetur,
1181 611 1364 712 perd
1409 623 1628 713 parta
1688 642 1820 692 con
1869 641 2038 714 esse,
2096 620 2385 715 scilicet,
2449 623 2859 717 animabus,

434 783 437 787 Δ
512 749 578 816 et
623 744 743 814 odi
790 763 827 813 e
878 743 1095 831 credi,
1149 740 1496 834 quicquid
1547 740 1787 815 dicent
1817 734 1890 833 (¹)
1946 741 2097 835 tibi,
2142 742 2313 835 quia
2364 764 2508 817 non
2561 752 2862 838 possunt

515 861 844 955 mentiri;
897 860 1096 935 unde
1145 860 1352 934 dicit:
1409 862 1529 933 che
1588 864 1660 933 la
1709 882 1958 933 verace
2016 864 2186 952 luce,
2250 862 2542 957 scilicet,
2592 863 2861 960 divina,

514 983 632 1054 che
683 984 744 1054 le
795 1002 1104 1073 appaqa,
1166 980 1370 1074 idest,
1423 987 1817 1072 contentat,
1869 1002 2017 1054 non
2079 984 2297 1054 lascia
2361 985 2473 1055 lor
2536 990 2766 1056 lorcer
2816 988 2863 1057 li

503 1103 696 1193 pedi,
751 1100 954 1194 idest,
1006 1120 1339 1174 amorem
1394 1107 1467 1174 et
1514 1099 2003 1195 affectionem,
2040 1103 2138 1174 da
2178 1097 2275 1191 εέ,
2329 1100 2532 1196 idest,
2574 1105 2669 1177 ab
2705 1104 2855 1198 ipsa

516 1219 704 1314 luce,
757 1241 925 1313 quae
977 1226 1088 1294 est
1140 1220 1428 1294 veritas.

662 1346 754 1413 Ec
797 1344 867 1412 io
917 1341 1323 1422 all'ombra.
1378 1342 1519 1413 Ista
1579 1346 1688 1414 est
1754 1340 2076 1414 secunda
2128 1361 2297 1435 pars
2346 1342 2728 1438 generalis,
2782 1343 2856 1417 in

516 1483 662 1557 qua
712 1461 983 1535 Dantes
1033 1460 1107 1533 in
1159 1460 1447 1556 speciali
1498 1461 1648 1555 agit
1698 1467 1772 1535 et
1824 1467 2085 1535 tractat
2135 1462 2227 1535 de
2279 1483 2426 1537 una
2476 1463 2720 1537 anima
2770 1464 2858 1537 il-

517 1580 758 1654 larum
795 1580 1215 1654 animarum
1251 1579 1619 1653 contraria
1645 1579 1981 1654 Narcisso
2018 1582 2293 1655 famosa
2329 1589 2663 1677 tempore
2696 1603 2853 1657 suo.

518 1700 625 1773 Ad
676 1701 886 1773 cuius
937 1700 1425 1797 cognitionem
1481 1706 1767 1794 oportet
1809 1700 2048 1795 primo
2083 1702 2446 1796 praescire,
2490 1703 2688 1796 quod
2722 1705 2856 1778 ista

520 1825 629 1894 est
663 1819 1012 1894 Picharda
1051 1822 1494 1916 pulcerrima
1529 1820 2016 1916 pudicissima,
2044 1822 2136 1897 de
2174 1842 2321 1916 qua
2356 1823 2543 1898 facta
2577 1831 2686 1899 est
2726 1845 2860 1898 ex-

518 1959 768 2034 pressa
820 1940 1188 2035 praedictio
1247 1941 1661 2037 Purgatorii
1708 1941 2022 2035 capitulo
2071 1942 2319 2035 XXIV,
2352 1963 2548 2041 ‚quae
2607 1950 2861 2038 sponte

520 2067 594 2135 et
644 2080 733 2135 ex
786 2067 987 2134 certa
1022 2061 1322 2135 scientia
1357 2061 1757 2136 devoverat
1791 2082 2003 2135 suam
2042 2062 2323 2137 Christo
2367 2064 2858 2158 virginitatem

522 2201 692 2256 cum
712 2182 868 2276 jam
900 2188 1090 2256 esset
1123 2182 1373 2256 adulta
1409 2182 1481 2254 in
1523 2183 1968 2256 monasterio
2004 2191 2273 2257 sanctae
2300 2185 2533 2258 Clarae
2566 2184 2658 2258 de
2692 2185 2859 2259 Flo-

520 2302 775 2375 rentia.
814 2301 956 2375 Sed
998 2302 1227 2375 frater
1263 2302 1421 2375 eius
1456 2301 1797 2375 dominus
1831 2302 2136 2375 Cursius
2169 2302 2261 2377 de
2293 2303 2615 2399 Donatis,
2652 2305 2861 2379 miles

518 2419 1065 2513 famosissimuS,
1117 2440 1291 2493 cum
1343 2420 1492 2493 suis
1552 2420 1781 2514 ipsam
1842 2421 2199 2496 violenter
2263 2423 2483 2498 traxit
2532 2424 2624 2498 de
2675 2425 2861 2519 loco,

521 2560 693 2613 cum
765 2537 1256 2635 despondisset
1328 2561 1494 2614 eam
1563 2540 1722 2613 viro
1791 2542 2159 2635 saeculari,
2237 2543 2506 2616 scilicet
2569 2543 2858 2617 cuidam

521 2659 858 2734 Roselino
909 2660 1413 2734 de‘nobilibus
1462 2660 1555 2735 de
1605 2662 1672 2734 la
1726 2663 1934 2735 Tosa.
1976 2662 2330 2736 Picharda
2381 2683 2861 2757 perseverans

522 2779 596 2853 in
645 2799 781 2852 suo
833 2784 1084 2854 sancto
1134 2780 1524 2875 proposito,
1577 2781 2039 2855 devotissime
2090 2782 2517 2876 supplicavit
2566 2783 2742 2874 Deo,
2779 2789 2864 2855 ut

524 2899 939 2974 incurreret
1005 2904 1319 2973 mortem
1382 2899 1501 2974 vel
1564 2899 2085 2995 infirmitatem,
2139 2922 2269 2996 per
2335 2923 2561 2996 quam
2625 2909 2865 2997 posset

523 3038 824 3092 servare
872 3018 1292 3092 inviolatam
1348 3040 1562 3093 suam
1617 3020 2144 3118 virginitatem:
2191 3028 2265 3096 et
2311 3022 2656 3096 continuo
2691 3043 2866 3118 gra-

520 3138 630 3211 vis
682 3139 985 3212 morbus
1020 3138 1280 3212 invasit
1313 3159 1614 3213 carnem
1660 3141 1839 3235 eiuS,
1893 3162 2043 3235 quo
2093 3142 2211 3215 illa
2265 3143 2587 3218 moriens
2625 3150 2865 3217 trans-

525 3257 651 3331 ivit
702 3257 792 3332 ad
830 3259 1214 3332 meliorem
1248 3280 1620 3355 sponsum.
1675 3261 1762 3333 Et
1815 3268 2016 3336 recte
2058 3262 2189 3337 ista
2221 3263 2622 3357 juvencula
2659 3270 2863 3338 tusca

525 3376 712 3470 fecit,
766 3376 952 3451 sicut
984 3378 1157 3451 olim
1209 3379 1629 3455 adolescens
1681 3386 1934 3454 tuscus
1975 3382 2270 3456 nomine
2314 3382 2701 3478 Spurinna,
2737 3384 2863 3478 qui

525 3516 697 3569 cum
749 3497 846 3569 ob
908 3497 1343 3592 elegantiam
1404 3520 1559 3573 suae
1618 3500 1876 3574 formae
1939 3501 2186 3575 multis
2252 3502 2424 3575 viris
2482 3510 2866 3597 suspectus

527 3615 983 3710 redderetur,
1021 3638 1229 3691 suam
1284 3619 1682 3693 formosam
1720 3618 1981 3693 faciem
2020 3620 2392 3716 unguibus
2427 3622 2758 3698 exaravit
2793 3629 2867 3697 et

524 3733 982 3808 deformavit.
1012 3736 1222 3810 Nunc
1245 3737 1339 3810 ad
1370 3737 1685 3831 literam,
1721 3745 1943 3811 autor
1976 3747 2280 3835 apparat
2313 3761 2394 3815 se
2427 3741 2521 3815 ad
2557 3742 2868 3834 loquen-

522 3853 702 3927 dum
755 3854 963 3928 dictae
1026 3856 1334 3949 umbrae,
1395 3856 1679 3932 dicens:
1732 3863 1822 3931 Et
1877 3861 1948 3930 io
2010 3861 2389 3933 drizzaimi
2444 3864 2563 3932 all'
2589 3862 2868 3952 ombra,

526 3972 730 4069 idest,
781 3974 1069 4068 animae,
1122 3977 1241 4047 che
1279 3997 1512 4069 parea
1559 3973 1682 4070 pist
1733 3999 1923 4068 vaga
1972 3981 2048 4052 di
2092 3984 2471 4072 rayionar,
2521 3980 2693 4075 quia
2745 4001 2872 4054 co-

525 4101 883 4187 gnoverat
932 4116 1106 4170 eum
1161 4096 1237 4168 in
1287 4098 1457 4191 vita,
1494 4104 1568 4172 et
1609 4106 1771 4173 erat
1816 4099 1909 4174 de
1944 4100 2177 4194 patria
2211 4122 2371 4196 sua,
2408 4123 2445 4173 e
2477 4104 2870 4192 cominciai,

529 4211 804 4307 supple,
854 4215 1076 4310 loqui,
1129 4220 1334 4309 quasi
1380 4220 1554 4290 com’
1579 4239 1743 4292 uom
1803 4223 1917 4294 cui
1975 4227 2230 4313 trappa
2294 4225 2531 4312 voylia
2590 4242 2872 4312 smaqa,

527 4329 732 4425 idest,
796 4354 1021 4426 quem
1088 4337 1354 4412 ardens
1427 4337 1867 4413 desiderium
1937 4341 2248 4414 alterat:
2316 4341 2607 4415 videbat
2675 4341 2866 4416 enim

651 4589 709 4656 (¹)
739 4591 801 4643 Ε.
835 4592 1053 4647 dicetur.
