3734 5567
1062 479 1340 534 CANTus
1390 483 1777 538 wensinus
1828 481 2218 537 sucuwnus.
2719 467 2806 533 31

470 628 620 702 cles
670 626 1071 720 denegaret
1112 625 1421 701 reddere
1455 635 1826 722 sceptrum
1863 625 2186 721 Polynici
2222 631 2479 699 natum
2519 632 2629 700 est
2662 626 2818 699 bel-

472 748 628 820 lum
680 746 1015 840 impium,
1065 745 1158 820 de
1207 766 1359 838 quo
1407 745 1682 820 dictum
1738 753 1851 820 est
1900 745 2167 820 Inferni
2219 746 2538 840 capitulo
2591 745 2817 819 XXVI

472 872 545 940 et
592 865 763 939 alibi
811 884 1025 960 saepe.
1093 864 1277 938 Dicit
1326 885 1506 961 ergo
1558 872 1814 961 poeta:
1867 887 1907 938 e
1965 868 2022 938 il
2081 873 2332 939 cantor
2390 868 2497 939 de’
2533 867 2820 939 bucolici

470 989 720 1078 carmi,
773 986 977 1080 idest,
1034 984 1395 1081 Virgilius,
1448 985 1573 1078 qui
1633 986 1917 1081 scripsit
1968 985 2413 1080 Bucolicam‚
2466 985 2818 1060 inducens

473 1105 714 1180 varios
763 1107 1251 1180 collocutores
1300 1107 1441 1180 sub
1494 1105 1790 1180 nomine
1843 1111 2251 1200 pastorum,
2285 1109 2496 1198 disse,
2548 1105 2815 1180 Statio:

475 1228 546 1297 la
589 1227 773 1318 fede,
809 1224 1101 1319 scilicet,
1137 1224 1551 1318 christiana,
1592 1246 1812 1298 senza
1856 1227 1931 1298 la
1974 1228 2144 1317 qual
2172 1226 2300 1299 ben
2329 1229 2458 1319 sar
2496 1246 2644 1298 non
2692 1226 2821 1298 ba-

473 1353 608 1437 sla,
663 1346 836 1440 quia
885 1345 1064 1420 falsa
1115 1345 1348 1419 virtus
1400 1350 1509 1420 est
1560 1345 1782 1420 etiam
1823 1345 1897 1418 in
1935 1346 2227 1440 optimis
2290 1346 2623 1421 moribus
2664 1346 2820 1419 sine

478 1465 641 1560 fide,
690 1487 835 1539 non
875 1486 1023 1559 par
1070 1468 1190 1539 che
1253 1470 1305 1539 ti
1365 1471 1632 1560 facesse
1698 1487 1925 1539 ancor
1979 1469 2227 1561 sedete,
2278 1466 2571 1561 scilicet,
2624 1466 2821 1541 chri-

478 1586 817 1681 stianum,
861 1607 998 1679 per
1047 1588 1207 1679 quel
1251 1588 1370 1659 che
1426 1588 1572 1660 Clio
1631 1579 1679 1659 li
1739 1592 1948 1678 casta,
2000 1585 2205 1680 idest,
2260 1592 2623 1679 quantum
2688 1606 2819 1680 po-

478 1712 615 1781 test
664 1706 1183 1802 comprehendi
1221 1726 1313 1781 ex
1350 1726 1529 1779 sono
1563 1706 1795 1780 literae
1826 1699 1901 1797 (⁴)
1937 1705 2241 1800 poeticae
2291 1726 2459 1798 quae
2493 1706 2821 1800 loquitur

477 1832 762 1900 tantum
812 1827 906 1901 de
955 1828 1160 1901 cultu
1211 1826 1546 1901 deorum.
1611 1825 1765 1900 Clio
1827 1826 2023 1899 enim
2093 1832 2203 1900 est
2253 1827 2493 1922 prima
2553 1844 2821 1900 novem

477 1967 888 2041 musarum,
941 1966 1110 2041 quae
1161 1952 1272 2021 est
1321 1947 1459 2021 dea
1510 1945 1766 2041 gloriae
1825 1953 1901 2020 et
1960 1946 2198 2039 famae,
2253 1953 2336 2020 ut
2384 1947 2661 2022 dictum
2714 1953 2825 2021 est

477 2067 716 2161 primo
781 2066 1102 2162 capitulo
1164 2066 1602 2162 Purgatorii,
1656 2068 1942 2157 quando
2003 2074 2074 2139 tu
2132 2070 2432 2140 cantasti
2490 2070 2553 2139 le
2612 2070 2827 2140 crude

480 2189 694 2276 armi,
746 2185 1037 2278 scilicet,
1091 2191 1429 2260 mutuam
1481 2184 1783 2279 effidem,
1832 2187 2019 2258 della
2068 2188 2332 2278 doppia
2397 2190 2696 2260 mstizia
2753 2189 2829 2259 di

486 2308 841 2395 Giocasta,
902 2304 1108 2399 idest,
1168 2305 1489 2379 duorum
1568 2303 1887 2378 filiorum
1948 2303 2130 2398 eiuS,
2183 2304 2309 2398 qui
2369 2325 2450 2379 se
2513 2305 2824 2380 invicem

479 2425 927 2500 occiderunt.
989 2400 1077 2497 E't
1137 2444 1316 2500 vere
1383 2445 1652 2520 magna
1718 2423 1852 2497 fuit
1917 2424 2200 2500 tristitia
2262 2426 2591 2518 Jocastae,
2653 2446 2823 2499 nam

480 2549 886 2619 retractans
933 2544 1256 2618 inaudita
1309 2538 1502 2618 mala
1552 2563 1721 2639 quae
1770 2564 1980 2639 passa
2015 2544 2256 2619 fuerat
2297 2545 2680 2641 impatiens
2722 2551 2829 2619 tot

479 2664 821 2739 dolorum
877 2671 951 2739 et
1000 2664 1465 2739 miseriarum
1517 2664 1877 2739 transfixit
1909 2664 2040 2738 sibi
2081 2665 2485 2759 praecordia
2519 2686 2611 2740 eo
2653 2685 2828 2740 ense

482 2804 631 2877 quo
688 2782 1009 2879 OEdipus
1068 2783 1534 2858 interfecerat
1591 2783 1889 2878 Laium,
1953 2785 2097 2875 vel,
2157 2784 2564 2857 secundum
2622 2784 2829 2879 alios,

484 2903 704 2977 vitam
758 2902 1120 2977 infelicem
1172 2903 1440 2996 laqueo
1491 2902 1933 2979 terminavit.
1976 2903 2065 2976 Et
2114 2922 2206 2977 ex
2264 2904 2402 2977 hoc
2453 2903 2631 2998 petit
2665 2903 2830 2977 Vir-

482 3022 732 3118 gilius:
783 3043 858 3094 se
905 3014 1047 3096 cosi
1096 3018 1159 3112 ἐ,
1195 3022 1393 3115 quod
1430 3022 1653 3098 fueris
1689 3022 1991 3097 infidelis
2030 3041 2266 3116 usque
2299 3022 2393 3096 ad
2427 3021 2604 3097 illud
2640 3029 2832 3098 tem-

484 3161 643 3235 ρης,
695 3144 867 3232 qual
927 3143 1072 3214 sole
1121 3162 1166 3213 o
1217 3145 1384 3233 quai
1430 3144 1714 3215 candele
1763 3145 1818 3215 ti
1863 3142 2349 3233 stenebraron,
2409 3143 2616 3237 idest,
2668 3142 2832 3236 quis

487 3259 792 3355 sapienS,
846 3261 1182 3354 velquae
1233 3261 1392 3335 eius
1442 3262 1631 3336 dicta
1684 3262 2197 3336 illuminarunt
2232 3268 2305 3337 te
2343 3263 2418 3336 in
2470 3269 2669 3337 tanta
2720 3268 2833 3338 te-

489 3380 716 3454 nebra
766 3380 1195 3477 ignorantiae
1215 3384 1248 3452 i
1294 3374 1355 3453 si
1403 3384 1523 3455 che
1572 3390 1642 3455 tu
1691 3385 2037 3455 drizzasti
2074 3386 2328 3476 poscia
2378 3385 2440 3456 le
2492 3386 2658 3477 vele,
2700 3404 2834 3458 na-

492 3499 802 3595 vigando
851 3518 1124 3594 aquam
1194 3501 1618 3595 salutarem,
1669 3504 1939 3575 diretro
1998 3505 2077 3575 al
2118 3512 2473 3596 pescator,
2537 3503 2832 3598 scilicet,

490 3618 790 3693 beatum
823 3619 1124 3693 Petrum
1177 3619 1575 3715 principem
1630 3620 1816 3695 fidei.
1838 3628 2047 3696 —Et
2089 3626 2244 3714 eyli.
2282 3623 2414 3697 Hic
2453 3629 2666 3719 poeta
2703 3644 2835 3718 po-

492 3738 595 3811 nit
645 3738 1189 3833 responsionem
1242 3738 1442 3813 Statii
1494 3739 1585 3813 ad
1636 3740 2059 3834 petitionem
2085 3740 2388 3837 Virgilii,
2429 3742 2711 3818 dicens:
2750 3748 2840 3816 Et

490 3860 627 3948 eqli
672 3878 721 3929 a
771 3860 906 3953 lui;
957 3860 1234 3955 supple,
1298 3859 1589 3954 Statius,
1643 3861 2012 3955 respondit
2068 3862 2413 3958 Virgilio:
2471 3871 2542 3936 tu
2590 3868 2837 3955 prima

492 3981 582 4050 m'
606 3980 887 4052 mviasci
935 4000 1141 4052 verso
1188 3985 1546 4074 Parnaso,
1585 3979 1675 4053 ad
1711 3982 2197 4075 poetandum:
2234 3983 2600 4057 Parnasus
2635 3982 2832 4059 enim

494 4105 604 4172 est
653 4119 867 4173 mons
917 4100 1441 4174 celeberrimus
1490 4100 1864 4175 dedicatus
1907 4104 2172 4198 poetis;
2227 4124 2276 4176 a
2323 4103 2447 4177 ber
2494 4108 2670 4179 nelle
2718 4128 2840 4180 sue

494 4225 742 4310 yroue,
795 4219 998 4314 idest,
1049 4220 1144 4294 ad
1192 4221 1684 4296 hauriendum
1734 4221 1828 4295 de
1882 4221 2079 4297 fonte
2137 4224 2539 4300 heliconico
2599 4247 2837 4301 amoe-

499 4338 817 4434 nissimo,
880 4345 966 4413 ut
1026 4340 1310 4415 dicetur
1383 4340 1622 4437 primo
1697 4341 2018 4436 capitulo
2085 4344 2441 4438 Paradisi3
2507 4367 2545 4418 e
2595 4349 2840 4439 poscia

622 4596 677 4660 (¹)
710 4598 771 4650 E.
806 4612 934 4651 sono
965 4600 1080 4652 lim
1111 4602 1341 4665 poetico.
