3734 5567
1247 517 1523 573 CANTUS
1572 520 1956 575 vlensnuus
2009 520 2294 574 ramos,
2891 508 2934 575 3

585 665 701 732 tos
775 661 986 753 quasi
1052 661 1145 736 de
1215 661 1478 756 Joseph
1545 663 1726 755 nati,
1796 684 1970 737 cum
2040 668 2288 736 tamen
2358 662 2693 737 venerint
2761 663 2936 737 olim

586 778 677 853 de
727 781 998 855 Persia.
1050 781 1357 869 Quando
1409 801 1588 855 vero
1639 782 1981 857 videbant
2025 803 2150 857 eos
2202 783 2476 857 deletos
2527 803 2677 857 non
2728 804 2939 858 com-

584 902 1061 976 municabant
1111 923 1388 977 secum.
1442 902 1585 977 Ista
1626 924 1806 1000 ergo
1859 905 2033 998 sitis,
2070 907 2168 976 mi
2199 905 2677 995 travaqliava,
2729 903 2936 996 idest,

584 1023 932 1098 turbabat
983 1029 1057 1098 et
1108 1022 1452 1119 fatigabat
1495 1024 1672 1096 mihi
1725 1030 2074 1118 mentem,
2111 1047 2149 1096 e
2175 1029 2560 1117 punyeami
2593 1027 2665 1096 Ia
2692 1028 2935 1118 frena,

587 1141 793 1235 idest,
828 1142 1240 1216 festinantia
1291 1143 1712 1217 stimulabat
1764 1165 1886 1219 me
1936 1152 2020 1217 ut
2067 1145 2253 1219 irem
2298 1145 2465 1239 cit0,
2493 1167 2629 1238 per
2680 1148 2753 1217 la
2801 1148 2936 1217 im-

581 1264 905 1353 pacoiata
982 1266 1124 1353 via,
1193 1270 1625 1356 occupatam
1699 1264 1792 1336 ab
1861 1263 1998 1337 illis
2073 1264 2441 1358 spiritibus
2496 1264 2935 1359 jacentibuS,

585 1384 809 1455 dietro
860 1386 937 1458 al
983 1386 1121 1454 mio
1171 1386 1378 1475 duca,
1436 1383 1609 1476 quia
1663 1384 1811 1457 ibat
1862 1385 2181 1457 multum
2250 1385 2609 1480 expedite,
2663 1407 2700 1457 e
2763 1406 2935 1458 con-

588 1504 889 1575 doleami
943 1523 992 1573 a
1057 1506 1129 1576 la
1184 1506 1414 1594 giusta
1478 1507 1817 1595 vendetca,
1879 1504 2082 1598 idest,
2135 1506 2632 1600 compatiebar
2698 1524 2934 1600 poenae

587 1641 1013 1714 avarorum,
1046 1621 1214 1696 licet
1248 1622 1570 1696 meritae:
1625 1629 1696 1696 et
1750 1643 1928 1698 vere
1977 1645 2195 1718 poena
2238 1625 2546 1697 istorum
2582 1630 2693 1698 est
2726 1644 2935 1697 ama-

588 1741 896 1835 rissima,
965 1741 1138 1835 quia
1203 1748 1373 1814 sunt
1435 1741 1693 1836 privati
1765 1743 2048 1838 magnis
2114 1742 2345 1837 bonis,
2413 1744 2684 1817 scilicet
2743 1743 2933 1836 luce,

585 1860 758 1955 quia
811 1880 957 1934 non
1007 1859 1255 1934 vident
1289 1860 1420 1933 nisi
1458 1866 1759 1956 terram,
1807 1869 1882 1936 et
1933 1862 2266 1936 libertate
2315 1863 2650 1937 omnium
2696 1882 2935 1936 mem-

585 1980 919 2054 brorum.
998 1981 1086 2053 Et
1161 1980 1262 2054 sic
1340 1980 1475 2054 tria
1537 1987 1750 2055 erant
1815 1982 2156 2056 vexantia
2218 1987 2583 2075 autorem,
2638 1982 2931 2076 scilicet,

584 2101 889 2175 aviditas
940 2101 1231 2195 sciendi,
1287 2101 1632 2175 velocitas
1690 2101 1910 2175 eundi
1981 2107 2055 2176 et
2117 2101 2614 2175 misericordia
2676 2101 2934 2177 alien'ae

588 2239 967 2315 poenae.—
994 2226 1082 2293 Et
1111 2242 1287 2293 ecco.
1325 2221 1453 2294 Hic
1507 2230 1718 2315 poeta
1768 2220 2111 2295 describit
2143 2221 2670 2315 apparitionem
2714 2222 2934 2295 unius

588 2340 884 2414 illustris
919 2348 1153 2436 poetae
1196 2361 1329 2436 per
1376 2363 1599 2415 unam
1642 2341 1958 2415 nobilem
2014 2342 2662 2436 comparationem.
2700 2343 2788 2415 Et
2839 2341 2933 2415 ad

588 2461 1136 2558 intelligentiam
1197 2462 1416 2535 huius
1475 2461 1882 2557 peregrinae
1950 2471 2025 2537 et
2089 2461 2496 2535 artificiosae
2546 2482 2933 2556 compara-

592 2583 801 2657 tionis
853 2589 963 2658 est
1013 2582 1251 2676 primo
1309 2581 1713 2674 sciendum,
1767 2581 1963 2675 quod
2017 2582 2225 2654 multi
2281 2582 2646 2656 mirantur
2698 2602 2931 2676 quare

587 2708 801 2798 poeta
823 2708 1090 2796 ‚noster
1130 2700 1767 2775 christianissimus
1820 2699 1988 2774 facit
2039 2700 2351 2773 Statium
2404 2721 2551 2773 non
2600 2701 2934 2774 christia-

591 2844 770 2896 num
836 2822 953 2896 hic
1013 2828 1231 2915 stare,
1293 2821 1695 2895 nescientes
1762 2821 2014 2895 videre
2078 2841 2427 2895 causam:
2482 2820 2644 2894 ideo
2695 2822 2934 2915 primo
2997 2863 3008 2868 -

587 2941 749 3015 dico
810 2940 1006 3034 quod
1056 2947 1272 3034 poeta
1323 2939 1557 3034 potuit
1620 2939 2132 3014 coniecturare
2191 2959 2284 3013 ex
2347 2939 2592 3012 multis
2659 2940 2934 3015 indiciis

590 3061 902 3135 Statium
973 3059 1194 3133 fuisse
1265 3059 1764 3133 christianum.
1829 3058 2015 3131 Nam
2081 3059 2139 3131 si
2204 3059 2543 3154 Virgilius
2584 3059 2731 3153 qui
2799 3060 2935 3133 fuit

587 3188 761 3256 ante
811 3181 1178 3255 Christum
1216 3180 1437 3253 sensit
1470 3178 1743 3273 aliquid
1775 3177 1867 3252 de
1912 3179 2034 3253 illo
2083 3199 2214 3273 per
2258 3180 2585 3253 carmina
2637 3180 2935 3275 sybillae,

587 3307 671 3374 ut
722 3307 1033 3375 testatur
1082 3298 1556 3396 AugustinuS‚
1609 3303 1886 3392 quanto
1954 3298 2186 3394 magis
2237 3297 2528 3393 StatiuS,
2582 3299 2706 3393 qui
2760 3299 2937 3373 vidit

590 3426 923 3514 tempore
983 3439 1120 3492 suo
1179 3417 1480 3492 crudele
1528 3417 2051 3491 exterminium
2117 3424 2190 3492 et
2253 3417 2664 3492 inauditum
2717 3425 2934 3493 antea

589 3539 785 3632 quod
845 3538 1012 3612 fecit
1068 3537 1270 3610 Titus
1331 3536 1423 3611 de
1472 3536 1757 3630 J'udaeiS‚
1818 3542 1891 3610 et
1955 3543 2062 3610 tot
2129 3537 2483 3610 miracula
2549 3537 2739 3612 facta
2805 3559 2936 3634 per

590 3664 951 3753 martyres
1010 3678 1196 3751 quos
1245 3655 1700 3730 Domitianus
1753 3655 1978 3730 frater
2027 3655 2162 3729 Titi
2214 3656 2714 3731 crudelissime
2765 3678 2936 3752 per-

589 3786 886 3854 secutus
962 3784 1092 3871 est,
1169 3797 1343 3851 cum
1422 3775 1900 3849 christianum
1988 3797 2258 3850 nomen
2334 3796 2625 3871 semper
2702 3779 2936 3875 magis

591 3904 977 3975 cresceret.
1047 3898 1213 3971 Fuit
1275 3897 1496 3971 etiam
1561 3895 1832 3969 Statius
1902 3916 2129 3969 ausus
2189 3895 2434 3970 dicere
2500 3896 2572 3969 in
2633 3898 2931 3972 maiori:

591 4024 872 4094 Primus
928 4022 1005 4091 in
1072 4018 1240 4090 orbe
1289 4023 1477 4089 Deos
1535 4020 1700 4110 fecit
1763 4020 1993 4089 timor.
2046 4016 2210 4089 Fuit
2242 4010 2312 4108 (¹)
2379 4022 2453 4090 et
2517 4018 2937 4092 honestissi-

591 4162 758 4215 mus
810 4147 886 4215 et
936 4137 1464 4213 moralissimus
1526 4136 1599 4209 in
1664 4137 2005 4211 omnibus
2070 4137 2221 4211 suis
2288 4136 2531 4232 dictis3
2592 4139 2720 4213 sed
2783 4140 2937 4215 sive

590 4262 812 4337 suerit
861 4260 1322 4351 christianuS,
1364 4258 1519 4332 sive
1568 4277 1739 4350 non,
1776 4278 1924 4332 non
1975 4258 2162 4333 facio
2212 4258 2360 4333 vim
2414 4259 2489 4332 in
2528 4260 2702 4354 boc,
2747 4281 2936 4354 quo-

590 4382 786 4456 niam
840 4380 1201 4456 subtiliter
1234 4385 1310 4453 et
1344 4378 1757 4453 necessario
1792 4385 2009 4473 poeta
2042 4380 2182 4454 hoc
2224 4379 2450 4476 fingit,
2488 4380 2661 4474 quia
2703 4381 2933 4455 multa

710 4636 770 4701 (¹)
801 4638 863 4688 Β.
895 4638 1017 4689 Fuit
1047 4638 1221 4689 etiam.
