<?xml version="1.0" encoding="UTF-8"?>
<!DOCTYPE html PUBLIC "-//W3C//DTD XHTML 1.0 Transitional//EN"
    "http://www.w3.org/TR/xhtml1/DTD/xhtml1-transitional.dtd">
<html xmlns="http://www.w3.org/1999/xhtml" xml:lang="en" lang="en">
 <head>
  <title>
</title>
<meta http-equiv="Content-Type" content="text/html;charset=utf-8" />
  <meta name='ocr-system' content='tesseract 3.04.00' />
  <meta name='ocr-capabilities' content='ocr_page ocr_carea ocr_par ocr_line ocrx_word'/>
</head>
<body>
  <div class='ocr_page' id='page_1' title='image "benevenutideram02lacagoog_0455.png"; bbox 0 0 3734 5567; ppageno 0'>
   <div class='ocr_carea' id='block_1_1' title="bbox 1314 496 2796 572">
    <p class='ocr_par' dir='ltr' id='par_1_1' title="bbox 1314 496 2796 572">
     <span class='ocr_line' id='line_1_1' title="bbox 1314 496 2796 572; baseline -0.001 -9"><span class='ocrx_word' id='word_1_1' title='bbox 1314 509 1593 572; x_wconf 69' lang='lat' dir='ltr'><strong>enims</strong></span> <span class='ocrx_word' id='word_1_2' title='bbox 1645 509 1933 563; x_wconf 72' lang='lat' dir='ltr'><strong>snx&#39;rus</strong></span> <span class='ocrx_word' id='word_1_3' title='bbox 2652 496 2796 562; x_wconf 73' lang='lat'><strong>445</strong></span> 
     </span>
    </p>
   </div>
   <div class='ocr_carea' id='block_1_2' title="bbox 440 652 2799 3381">
    <p class='ocr_par' dir='ltr' id='par_1_2' title="bbox 440 652 2799 3381">
     <span class='ocr_line' id='line_1_2' title="bbox 453 652 2793 752; baseline -0.003 -20"><span class='ocrx_word' id='word_1_4' title='bbox 453 678 690 752; x_wconf 88' lang='lat' dir='ltr'><strong>usque</strong></span> <span class='ocrx_word' id='word_1_5' title='bbox 722 656 960 731; x_wconf 82' lang='lat' dir='ltr'><strong>Gades</strong></span> <span class='ocrx_word' id='word_1_6' title='bbox 995 675 1342 729; x_wconf 87' lang='lat' dir='ltr'><strong>reversus</strong></span> <span class='ocrx_word' id='word_1_7' title='bbox 1376 660 1488 728; x_wconf 93' lang='lat' dir='ltr'><strong>est</strong></span> <span class='ocrx_word' id='word_1_8' title='bbox 1520 653 1914 750; x_wconf 85' lang='lat' dir='ltr'><strong>Hyspalim,</strong></span> <span class='ocrx_word' id='word_1_9' title='bbox 1951 669 2118 746; x_wconf 85' lang='lat' dir='ltr'><strong>quae</strong></span> <span class='ocrx_word' id='word_1_10' title='bbox 2154 672 2349 726; x_wconf 91' lang='lat' dir='ltr'><strong>nunc</strong></span> <span class='ocrx_word' id='word_1_11' title='bbox 2382 652 2623 726; x_wconf 91' lang='lat' dir='ltr'><strong>Sibilia</strong></span> <span class='ocrx_word' id='word_1_12' title='bbox 2659 673 2793 726; x_wconf 87' lang='lat' dir='ltr'><strong>vo-</strong></span> 
     </span>
     <span class='ocr_line' id='line_1_3' title="bbox 450 772 2790 871; baseline -0.003 -19"><span class='ocrx_word' id='word_1_13' title='bbox 450 784 686 871; x_wconf 90' lang='lat' dir='ltr'><strong>catur,</strong></span> <span class='ocrx_word' id='word_1_14' title='bbox 723 782 795 851; x_wconf 93' lang='lat' dir='ltr'><strong>et</strong></span> <span class='ocrx_word' id='word_1_15' title='bbox 831 773 1381 871; x_wconf 86' lang='lat' dir='ltr'><strong>hyspalensibns</strong></span> <span class='ocrx_word' id='word_1_16' title='bbox 1432 794 1778 870; x_wconf 89' lang='lat' dir='ltr'><strong>magnam</strong></span> <span class='ocrx_word' id='word_1_17' title='bbox 1823 772 2361 867; x_wconf 88' lang='lat' dir='ltr'><strong>querimoniam</strong></span> <span class='ocrx_word' id='word_1_18' title='bbox 2407 772 2572 845; x_wconf 80' lang='lat' dir='ltr'><strong>fecit</strong></span> <span class='ocrx_word' id='word_1_19' title='bbox 2606 772 2790 865; x_wconf 76' lang='lat' dir='ltr'><strong>quia</strong></span> 
     </span>
     <span class='ocr_line' id='line_1_4' title="bbox 451 892 2795 987; baseline -0.003 -16"><span class='ocrx_word' id='word_1_20' title='bbox 451 898 785 971; x_wconf 79' lang='lat' dir='ltr'><strong>faverant</strong></span> <span class='ocrx_word' id='word_1_21' title='bbox 833 895 1061 987; x_wconf 85' lang='lat' dir='ltr'><strong>Gneo,</strong></span> <span class='ocrx_word' id='word_1_22' title='bbox 1132 893 1378 968; x_wconf 91' lang='lat' dir='ltr'><strong>dicens</strong></span> <span class='ocrx_word' id='word_1_23' title='bbox 1429 893 1746 987; x_wconf 92' lang='lat' dir='ltr'><strong>superbe</strong></span> <span class='ocrx_word' id='word_1_24' title='bbox 1810 892 2009 986; x_wconf 92' lang='lat' dir='ltr'><strong>quod</strong></span> <span class='ocrx_word' id='word_1_25' title='bbox 2059 893 2374 987; x_wconf 91' lang='lat' dir='ltr'><strong>populus</strong></span> <span class='ocrx_word' id='word_1_26' title='bbox 2443 911 2795 964; x_wconf 91' lang='lat' dir='ltr'><strong>romanus</strong></span> 
     </span>
     <span class='ocr_line' id='line_1_5' title="bbox 454 1011 2794 1107; baseline -0.002 -18"><span class='ocrx_word' id='word_1_27' title='bbox 454 1015 885 1089; x_wconf 89' lang='lat' dir='ltr'><strong>immortalis</strong></span> <span class='ocrx_word' id='word_1_28' title='bbox 938 1013 1253 1088; x_wconf 90' lang='lat' dir='ltr'><strong>habebat</strong></span> <span class='ocrx_word' id='word_1_29' title='bbox 1285 1013 1538 1088; x_wconf 90' lang='lat' dir='ltr'><strong>decem</strong></span> <span class='ocrx_word' id='word_1_30' title='bbox 1576 1013 1900 1107; x_wconf 81' lang='lat' dir='ltr'><strong>legiones</strong></span> <span class='ocrx_word' id='word_1_31' title='bbox 1941 1033 2109 1106; x_wconf 85' lang='lat' dir='ltr'><strong>quae</strong></span> <span class='ocrx_word' id='word_1_32' title='bbox 2142 1012 2414 1086; x_wconf 87' lang='lat' dir='ltr'><strong>coelum</strong></span> <span class='ocrx_word' id='word_1_33' title='bbox 2453 1011 2794 1105; x_wconf 79' lang='lat' dir='ltr'><strong>frangere</strong></span> 
     </span>
     <span class='ocr_line' id='line_1_6' title="bbox 454 1130 2793 1228; baseline -0.004 -18"><span class='ocrx_word' id='word_1_34' title='bbox 454 1142 697 1210; x_wconf 86' lang='lat' dir='ltr'><strong>essent</strong></span> <span class='ocrx_word' id='word_1_35' title='bbox 721 1139 1088 1228; x_wconf 85' lang='lat' dir='ltr'><strong>potentes3</strong></span> <span class='ocrx_word' id='word_1_36' title='bbox 1119 1132 1220 1205; x_wconf 89' lang='lat' dir='ltr'><strong>sic</strong></span> <span class='ocrx_word' id='word_1_37' title='bbox 1248 1133 1487 1205; x_wconf 89' lang='lat' dir='ltr'><strong>solum</strong></span> <span class='ocrx_word' id='word_1_38' title='bbox 1518 1131 1904 1206; x_wconf 89' lang='lat' dir='ltr'><strong>nominans</strong></span> <span class='ocrx_word' id='word_1_39' title='bbox 1932 1151 2125 1224; x_wconf 82' lang='lat' dir='ltr'><strong>suaS,</strong></span> <span class='ocrx_word' id='word_1_40' title='bbox 2154 1138 2238 1204; x_wconf 89' lang='lat' dir='ltr'><strong>ut</strong></span> <span class='ocrx_word' id='word_1_41' title='bbox 2266 1130 2472 1223; x_wconf 90' lang='lat' dir='ltr'><strong>quasi</strong></span> <span class='ocrx_word' id='word_1_42' title='bbox 2507 1136 2793 1203; x_wconf 84' lang='lat' dir='ltr'><strong>caeterae</strong></span> 
     </span>
     <span class='ocr_line' id='line_1_7' title="bbox 456 1249 2796 1328; baseline -0.001 -1"><span class='ocrx_word' id='word_1_43' title='bbox 456 1255 627 1328; x_wconf 87' lang='lat' dir='ltr'><strong>nihil</strong></span> <span class='ocrx_word' id='word_1_44' title='bbox 679 1254 928 1328; x_wconf 83' lang='lat' dir='ltr'><strong>valere</strong></span> <span class='ocrx_word' id='word_1_45' title='bbox 977 1252 1421 1327; x_wconf 87' lang='lat' dir='ltr'><strong>viderentur.</strong></span> <span class='ocrx_word' id='word_1_46' title='bbox 1476 1252 1564 1325; x_wconf 90' lang='lat' dir='ltr'><strong>Et</strong></span> <span class='ocrx_word' id='word_1_47' title='bbox 1614 1251 1731 1326; x_wconf 89' lang='lat' dir='ltr'><strong>bic</strong></span> <span class='ocrx_word' id='word_1_48' title='bbox 1781 1252 1916 1325; x_wconf 80' lang='lat' dir='ltr'><strong>fuit</strong></span> <span class='ocrx_word' id='word_1_49' title='bbox 1967 1250 2126 1324; x_wconf 85' lang='lat' dir='ltr'><strong>finis</strong></span> <span class='ocrx_word' id='word_1_50' title='bbox 2168 1249 2336 1325; x_wconf 91' lang='lat' dir='ltr'><strong>belli</strong></span> <span class='ocrx_word' id='word_1_51' title='bbox 2379 1251 2603 1324; x_wconf 90' lang='lat' dir='ltr'><strong>civilis</strong></span> <span class='ocrx_word' id='word_1_52' title='bbox 2636 1250 2796 1324; x_wconf 75' lang='lat' dir='ltr'>(3ae-</span> 
     </span>
     <span class='ocr_line' id='line_1_8' title="bbox 453 1370 2793 1466; baseline -0.002 -18"><span class='ocrx_word' id='word_1_53' title='bbox 453 1375 635 1448; x_wconf 90' lang='lat' dir='ltr'><strong>saris</strong></span> <span class='ocrx_word' id='word_1_54' title='bbox 686 1372 881 1466; x_wconf 91' lang='lat' dir='ltr'><strong>quod</strong></span> <span class='ocrx_word' id='word_1_55' title='bbox 934 1371 1226 1446; x_wconf 89' lang='lat' dir='ltr'><strong>duravit</strong></span> <span class='ocrx_word' id='word_1_56' title='bbox 1278 1378 1598 1466; x_wconf 90' lang='lat' dir='ltr'><strong>quatuor</strong></span> <span class='ocrx_word' id='word_1_57' title='bbox 1645 1371 1876 1443; x_wconf 91' lang='lat' dir='ltr'><strong>annis.</strong></span> <span class='ocrx_word' id='word_1_58' title='bbox 1933 1370 2037 1443; x_wconf 89' lang='lat' dir='ltr'><strong>Ad</strong></span> <span class='ocrx_word' id='word_1_59' title='bbox 2090 1371 2377 1445; x_wconf 83' lang='lat' dir='ltr'><strong>literam</strong></span> <span class='ocrx_word' id='word_1_60' title='bbox 2433 1389 2613 1464; x_wconf 89' lang='lat' dir='ltr'><strong>ergo</strong></span> <span class='ocrx_word' id='word_1_61' title='bbox 2670 1390 2793 1443; x_wconf 90' lang='lat' dir='ltr'><strong>ve-</strong></span> 
     </span>
     <span class='ocr_line' id='line_1_9' title="bbox 453 1490 2791 1586; baseline -0.002 -19"><span class='ocrx_word' id='word_1_62' title='bbox 453 1493 741 1586; x_wconf 91' lang='lat' dir='ltr'><strong>niendo,</strong></span> <span class='ocrx_word' id='word_1_63' title='bbox 792 1493 963 1566; x_wconf 91' lang='lat' dir='ltr'><strong>dicit</strong></span> <span class='ocrx_word' id='word_1_64' title='bbox 1012 1491 1497 1566; x_wconf 77' lang='lat' dir='ltr'><strong>lastinianus:</strong></span> <span class='ocrx_word' id='word_1_65' title='bbox 1553 1496 1669 1563; x_wconf 86' lang='lat' dir='ltr'><strong>Da</strong></span> <span class='ocrx_word' id='word_1_66' title='bbox 1716 1494 1926 1581; x_wconf 83' lang='lat' dir='ltr'><strong>onde,</strong></span> <span class='ocrx_word' id='word_1_67' title='bbox 1975 1490 2247 1565; x_wconf 88' lang='lat' dir='ltr'><strong>scilicet</strong></span> <span class='ocrx_word' id='word_1_68' title='bbox 2296 1496 2457 1584; x_wconf 92' lang='lat' dir='ltr'><strong>post</strong></span> <span class='ocrx_word' id='word_1_69' title='bbox 2513 1490 2791 1563; x_wconf 91' lang='lat' dir='ltr'><strong>bellum</strong></span> 
     </span>
     <span class='ocr_line' id='line_1_10' title="bbox 453 1595 2796 1705; baseline -0.002 -18"><span class='ocrx_word' id='word_1_70' title='bbox 453 1612 1050 1703; x_wconf 82' lang='lat' dir='ltr'><strong>Alexandrinum,</strong></span> <span class='ocrx_word' id='word_1_71' title='bbox 1084 1633 1294 1702; x_wconf 83' lang='lat' dir='ltr'><strong>scese,</strong></span> <span class='ocrx_word' id='word_1_72' title='bbox 1327 1610 1536 1703; x_wconf 89' lang='lat' dir='ltr'><strong>idest,</strong></span> <span class='ocrx_word' id='word_1_73' title='bbox 1565 1610 1942 1685; x_wconf 66' lang='lat' dir='ltr'><strong>,descendit</strong></span> <span class='ocrx_word' id='word_1_74' title='bbox 1994 1610 2170 1683; x_wconf 93' lang='lat' dir='ltr'><strong>illud</strong></span> <span class='ocrx_word' id='word_1_75' title='bbox 2201 1595 2494 1705; x_wconf 51' lang='lat' dir='ltr'><strong>&#39;signum</strong></span> <span class='ocrx_word' id='word_1_76' title='bbox 2531 1609 2796 1703; x_wconf 84' lang='lat' dir='ltr'><strong>aquilae</strong></span> 
     </span>
     <span class='ocr_line' id='line_1_11' title="bbox 452 1728 2789 1830; baseline -0.003 -22"><span class='ocrx_word' id='word_1_77' title='bbox 452 1741 828 1830; x_wconf 91' lang='lat' dir='ltr'><strong>portatum</strong></span> <span class='ocrx_word' id='word_1_78' title='bbox 857 1756 901 1808; x_wconf 90' lang='lat' dir='ltr'><strong>a</strong></span> <span class='ocrx_word' id='word_1_79' title='bbox 928 1734 1240 1825; x_wconf 83' lang='lat' dir='ltr'><strong>Caesare,</strong></span> <span class='ocrx_word' id='word_1_80' title='bbox 1261 1735 1698 1825; x_wconf 72' lang='lat' dir='ltr'><strong>folyorando</strong></span> <span class='ocrx_word' id='word_1_81' title='bbox 1723 1752 1772 1804; x_wconf 86' lang='lat' dir='ltr'><strong>a</strong></span> <span class='ocrx_word' id='word_1_82' title='bbox 1795 1733 2046 1820; x_wconf 82' lang='lat' dir='ltr'><strong>Giuba,</strong></span> <span class='ocrx_word' id='word_1_83' title='bbox 2067 1731 2337 1805; x_wconf 92' lang='lat' dir='ltr'><strong>scilicet</strong></span> <span class='ocrx_word' id='word_1_84' title='bbox 2359 1730 2431 1802; x_wconf 94' lang='lat' dir='ltr'><strong>in</strong></span> <span class='ocrx_word' id='word_1_85' title='bbox 2453 1728 2789 1822; x_wconf 78' lang='lat' dir='ltr'><strong>Africam,</strong></span> 
     </span>
     <span class='ocr_line' id='line_1_12' title="bbox 440 1848 2788 1947; baseline -0.003 -21"><span class='ocrx_word' id='word_1_86' title='bbox 440 1857 570 1947; x_wconf 84' lang='lat' dir='ltr'><strong>poi</strong></span> <span class='ocrx_word' id='word_1_87' title='bbox 616 1857 681 1926; x_wconf 81' lang='lat' dir='ltr'><strong>si</strong></span> <span class='ocrx_word' id='word_1_88' title='bbox 726 1857 984 1927; x_wconf 74' lang='lat' dir='ltr'><strong>rivolse</strong></span> <span class='ocrx_word' id='word_1_89' title='bbox 1032 1855 1147 1925; x_wconf 79' lang='lat' dir='ltr'><strong>nel</strong></span> <span class='ocrx_word' id='word_1_90' title='bbox 1191 1859 1438 1924; x_wconf 80' lang='lat' dir='ltr'><strong>nostro</strong></span> <span class='ocrx_word' id='word_1_91' title='bbox 1488 1854 1854 1942; x_wconf 73' lang='lat' dir='ltr'><strong>occidente,</strong></span> <span class='ocrx_word' id='word_1_92' title='bbox 1907 1850 2176 1924; x_wconf 89' lang='lat' dir='ltr'><strong>scilicet</strong></span> <span class='ocrx_word' id='word_1_93' title='bbox 2227 1850 2300 1922; x_wconf 89' lang='lat' dir='ltr'><strong>in</strong></span> <span class='ocrx_word' id='word_1_94' title='bbox 2352 1848 2788 1942; x_wconf 83' lang='lat' dir='ltr'><strong>Hispaniam,</strong></span> 
     </span>
     <span class='ocr_line' id='line_1_13' title="bbox 453 1970 2797 2068; baseline -0.003 -20"><span class='ocrx_word' id='word_1_95' title='bbox 453 1994 622 2068; x_wconf 86' lang='lat' dir='ltr'><strong>quae</strong></span> <span class='ocrx_word' id='word_1_96' title='bbox 674 1978 783 2047; x_wconf 92' lang='lat' dir='ltr'><strong>est</strong></span> <span class='ocrx_word' id='word_1_97' title='bbox 835 1972 907 2045; x_wconf 89' lang='lat' dir='ltr'><strong>in</strong></span> <span class='ocrx_word' id='word_1_98' title='bbox 960 1972 1223 2045; x_wconf 86' lang='lat' dir='ltr'><strong>finibus</strong></span> <span class='ocrx_word' id='word_1_99' title='bbox 1273 1971 1501 2046; x_wconf 83' lang='lat' dir='ltr'><strong>nostri</strong></span> <span class='ocrx_word' id='word_1_100' title='bbox 1553 1970 1967 2064; x_wconf 82' lang='lat' dir='ltr'><strong>occidentiS,</strong></span> <span class='ocrx_word' id='word_1_101' title='bbox 2004 1973 2178 2043; x_wconf 80' lang='lat' dir='ltr'><strong>dove</strong></span> <span class='ocrx_word' id='word_1_102' title='bbox 2209 1972 2430 2042; x_wconf 78' lang='lat' dir='ltr'><strong>semia</strong></span> <span class='ocrx_word' id='word_1_103' title='bbox 2479 1972 2552 2042; x_wconf 85' lang='lat' dir='ltr'><strong>la</strong></span> <span class='ocrx_word' id='word_1_104' title='bbox 2596 1988 2797 2060; x_wconf 85' lang='lat' dir='ltr'><strong>pom-</strong></span> 
     </span>
     <span class='ocr_line' id='line_1_14' title="bbox 447 2088 2795 2186; baseline -0.002 -21"><span class='ocrx_word' id='word_1_105' title='bbox 447 2096 708 2185; x_wconf 77' lang='lat' dir='ltr'><strong>peiana</strong></span> <span class='ocrx_word' id='word_1_106' title='bbox 760 2092 944 2183; x_wconf 82' lang='lat' dir='ltr'><strong>tuba,</strong></span> <span class='ocrx_word' id='word_1_107' title='bbox 1002 2092 1176 2186; x_wconf 89' lang='lat' dir='ltr'><strong>quia</strong></span> <span class='ocrx_word' id='word_1_108' title='bbox 1226 2091 1375 2165; x_wconf 93' lang='lat' dir='ltr'><strong>duo</strong></span> <span class='ocrx_word' id='word_1_109' title='bbox 1424 2090 1749 2185; x_wconf 89' lang='lat' dir='ltr'><strong>Pompeii</strong></span> <span class='ocrx_word' id='word_1_110' title='bbox 1792 2110 1925 2183; x_wconf 91' lang='lat' dir='ltr'><strong>pro</strong></span> <span class='ocrx_word' id='word_1_111' title='bbox 1973 2111 2123 2163; x_wconf 93' lang='lat' dir='ltr'><strong>uno</strong></span> <span class='ocrx_word' id='word_1_112' title='bbox 2162 2088 2393 2164; x_wconf 91' lang='lat' dir='ltr'><strong>renati</strong></span> <span class='ocrx_word' id='word_1_113' title='bbox 2446 2088 2795 2163; x_wconf 89' lang='lat' dir='ltr'><strong>videban-</strong></span> 
     </span>
     <span class='ocr_line' id='line_1_15' title="bbox 453 2208 2791 2302; baseline -0.002 -19"><span class='ocrx_word' id='word_1_114' title='bbox 453 2216 612 2284; x_wconf 87' lang='lat' dir='ltr'><strong>tur:</strong></span> <span class='ocrx_word' id='word_1_115' title='bbox 666 2210 862 2285; x_wconf 92' lang='lat' dir='ltr'><strong>unde</strong></span> <span class='ocrx_word' id='word_1_116' title='bbox 915 2211 1181 2285; x_wconf 83' lang='lat' dir='ltr'><strong>Sextus</strong></span> <span class='ocrx_word' id='word_1_117' title='bbox 1231 2212 1549 2285; x_wconf 85' lang='lat' dir='ltr'><strong>evadens</strong></span> <span class='ocrx_word' id='word_1_118' title='bbox 1598 2210 1695 2283; x_wconf 93' lang='lat' dir='ltr'><strong>ab</strong></span> <span class='ocrx_word' id='word_1_119' title='bbox 1745 2210 1883 2286; x_wconf 91' lang='lat' dir='ltr'><strong>isto</strong></span> <span class='ocrx_word' id='word_1_120' title='bbox 1937 2209 2150 2302; x_wconf 82' lang='lat' dir='ltr'><strong>hello,</strong></span> <span class='ocrx_word' id='word_1_121' title='bbox 2187 2215 2438 2301; x_wconf 91' lang='lat' dir='ltr'><strong>postea</strong></span> <span class='ocrx_word' id='word_1_122' title='bbox 2472 2208 2791 2280; x_wconf 88' lang='lat' dir='ltr'><strong>multum</strong></span> 
     </span>
     <span class='ocr_line' id='line_1_16' title="bbox 454 2326 2796 2427; baseline -0.002 -23"><span class='ocrx_word' id='word_1_123' title='bbox 454 2330 777 2427; x_wconf 80' lang='lat' dir='ltr'><strong>fatigavit</strong></span> <span class='ocrx_word' id='word_1_124' title='bbox 829 2330 1271 2427; x_wconf 87' lang='lat' dir='ltr'><strong>Augustum,</strong></span> <span class='ocrx_word' id='word_1_125' title='bbox 1325 2337 1680 2424; x_wconf 88' lang='lat' dir='ltr'><strong>occupata</strong></span> <span class='ocrx_word' id='word_1_126' title='bbox 1733 2328 1969 2403; x_wconf 89' lang='lat' dir='ltr'><strong>Sicilia</strong></span> <span class='ocrx_word' id='word_1_127' title='bbox 2023 2335 2098 2403; x_wconf 92' lang='lat' dir='ltr'><strong>et</strong></span> <span class='ocrx_word' id='word_1_128' title='bbox 2147 2328 2495 2402; x_wconf 89' lang='lat' dir='ltr'><strong>Sardinia.</strong></span> <span class='ocrx_word' id='word_1_129' title='bbox 2544 2327 2627 2398; x_wconf 90' lang='lat' dir='ltr'><strong>Et</strong></span> <span class='ocrx_word' id='word_1_130' title='bbox 2679 2326 2796 2399; x_wconf 89' lang='lat' dir='ltr'><strong>hic</strong></span> 
     </span>
     <span class='ocr_line' id='line_1_17' title="bbox 453 2446 2798 2544; baseline -0.001 -22"><span class='ocrx_word' id='word_1_131' title='bbox 453 2450 712 2538; x_wconf 87' lang='lat' dir='ltr'><strong>ultimo</strong></span> <span class='ocrx_word' id='word_1_132' title='bbox 765 2457 960 2544; x_wconf 91' lang='lat' dir='ltr'><strong>nota,</strong></span> <span class='ocrx_word' id='word_1_133' title='bbox 1013 2451 1265 2543; x_wconf 90' lang='lat' dir='ltr'><strong>lector,</strong></span> <span class='ocrx_word' id='word_1_134' title='bbox 1331 2450 1528 2543; x_wconf 90' lang='lat' dir='ltr'><strong>quod</strong></span> <span class='ocrx_word' id='word_1_135' title='bbox 1590 2450 1704 2523; x_wconf 91' lang='lat' dir='ltr'><strong>hic</strong></span> <span class='ocrx_word' id='word_1_136' title='bbox 1768 2448 1991 2523; x_wconf 89' lang='lat' dir='ltr'><strong>Gaius</strong></span> <span class='ocrx_word' id='word_1_137' title='bbox 2055 2449 2298 2523; x_wconf 85' lang='lat' dir='ltr'><strong>Caesar</strong></span> <span class='ocrx_word' id='word_1_138' title='bbox 2355 2448 2544 2520; x_wconf 88' lang='lat' dir='ltr'><strong>Lutii</strong></span> <span class='ocrx_word' id='word_1_139' title='bbox 2609 2446 2798 2520; x_wconf 85' lang='lat' dir='ltr'><strong>filius</strong></span> 
     </span>
     <span class='ocr_line' id='line_1_18' title="bbox 454 2561 2796 2664; baseline -0.001 -23"><span class='ocrx_word' id='word_1_140' title='bbox 454 2569 666 2663; x_wconf 87' lang='lat' dir='ltr'><strong>plura</strong></span> <span class='ocrx_word' id='word_1_141' title='bbox 720 2569 1106 2644; x_wconf 88' lang='lat' dir='ltr'><strong>laudabilia</strong></span> <span class='ocrx_word' id='word_1_142' title='bbox 1146 2569 1431 2643; x_wconf 89' lang='lat' dir='ltr'><strong>videtur</strong></span> <span class='ocrx_word' id='word_1_143' title='bbox 1474 2570 1839 2662; x_wconf 89' lang='lat' dir='ltr'><strong>babuisse,</strong></span> <span class='ocrx_word' id='word_1_144' title='bbox 1889 2561 2481 2664; x_wconf 73' lang='lat' dir='ltr'><strong>quam&#39;unquam</strong></span> <span class='ocrx_word' id='word_1_145' title='bbox 2535 2566 2796 2660; x_wconf 90' lang='lat' dir='ltr'><strong>aliquis</strong></span> 
     </span>
     <span class='ocr_line' id='line_1_19' title="bbox 454 2686 2791 2784; baseline -0.002 -23"><span class='ocrx_word' id='word_1_146' title='bbox 454 2689 807 2784; x_wconf 89' lang='lat' dir='ltr'><strong>princeps.</strong></span> <span class='ocrx_word' id='word_1_147' title='bbox 862 2690 1045 2762; x_wconf 90' lang='lat' dir='ltr'><strong>Nam</strong></span> <span class='ocrx_word' id='word_1_148' title='bbox 1099 2688 1232 2761; x_wconf 80' lang='lat' dir='ltr'><strong>suit</strong></span> <span class='ocrx_word' id='word_1_149' title='bbox 1272 2688 1629 2784; x_wconf 90' lang='lat' dir='ltr'><strong>sanguine</strong></span> <span class='ocrx_word' id='word_1_150' title='bbox 1672 2688 2160 2763; x_wconf 91' lang='lat' dir='ltr'><strong>nobilissimus</strong></span> <span class='ocrx_word' id='word_1_151' title='bbox 2192 2688 2285 2763; x_wconf 93' lang='lat' dir='ltr'><strong>de</strong></span> <span class='ocrx_word' id='word_1_152' title='bbox 2323 2687 2545 2761; x_wconf 91' lang='lat' dir='ltr'><strong>domo</strong></span> <span class='ocrx_word' id='word_1_153' title='bbox 2580 2686 2791 2778; x_wconf 89' lang='lat' dir='ltr'><strong>Julia,</strong></span> 
     </span>
     <span class='ocr_line' id='line_1_20' title="bbox 452 2806 2796 2903; baseline -0.002 -21"><span class='ocrx_word' id='word_1_154' title='bbox 452 2827 763 2903; x_wconf 92' lang='lat' dir='ltr'><strong>corpore</strong></span> <span class='ocrx_word' id='word_1_155' title='bbox 798 2808 1306 2903; x_wconf 77' lang='lat' dir='ltr'><strong>pulcerrimuS,</strong></span> <span class='ocrx_word' id='word_1_156' title='bbox 1345 2808 1514 2883; x_wconf 90' lang='lat' dir='ltr'><strong>licet</strong></span> <span class='ocrx_word' id='word_1_157' title='bbox 1564 2808 1697 2882; x_wconf 90' lang='lat' dir='ltr'><strong>ista</strong></span> <span class='ocrx_word' id='word_1_158' title='bbox 1736 2829 1883 2882; x_wconf 93' lang='lat' dir='ltr'><strong>non</strong></span> <span class='ocrx_word' id='word_1_159' title='bbox 1924 2806 2305 2882; x_wconf 79' lang='lat' dir='ltr'><strong>conferant</strong></span> <span class='ocrx_word' id='word_1_160' title='bbox 2338 2826 2591 2880; x_wconf 89' lang='lat' dir='ltr'><strong>veram</strong></span> <span class='ocrx_word' id='word_1_161' title='bbox 2635 2806 2796 2878; x_wconf 91' lang='lat' dir='ltr'><strong>lau-</strong></span> 
     </span>
     <span class='ocr_line' id='line_1_21' title="bbox 450 2925 2797 3023; baseline -0.001 -22"><span class='ocrx_word' id='word_1_162' title='bbox 450 2926 660 3002; x_wconf 89' lang='lat' dir='ltr'><strong>dem:</strong></span> <span class='ocrx_word' id='word_1_163' title='bbox 732 2927 869 2999; x_wconf 80' lang='lat' dir='ltr'><strong>suit</strong></span> <span class='ocrx_word' id='word_1_164' title='bbox 931 2948 1318 3001; x_wconf 90' lang='lat' dir='ltr'><strong>armorum</strong></span> <span class='ocrx_word' id='word_1_165' title='bbox 1391 2927 1874 3023; x_wconf 85' lang='lat' dir='ltr'><strong>peritissimus</strong></span> <span class='ocrx_word' id='word_1_166' title='bbox 1939 2928 2097 3001; x_wconf 92' lang='lat' dir='ltr'><strong>sine</strong></span> <span class='ocrx_word' id='word_1_167' title='bbox 2159 2926 2339 3023; x_wconf 89' lang='lat' dir='ltr'><strong>pari,</strong></span> <span class='ocrx_word' id='word_1_168' title='bbox 2392 2925 2590 2999; x_wconf 92' lang='lat' dir='ltr'><strong>unde</strong></span> <span class='ocrx_word' id='word_1_169' title='bbox 2653 2945 2797 2998; x_wconf 93' lang='lat' dir='ltr'><strong>non</strong></span> 
     </span>
     <span class='ocr_line' id='line_1_22' title="bbox 453 3044 2799 3143; baseline 0 -25"><span class='ocrx_word' id='word_1_170' title='bbox 453 3046 808 3141; x_wconf 82' lang='lat' dir='ltr'><strong>Pyrrhus,</strong></span> <span class='ocrx_word' id='word_1_171' title='bbox 835 3066 980 3119; x_wconf 91' lang='lat' dir='ltr'><strong>non</strong></span> <span class='ocrx_word' id='word_1_172' title='bbox 1009 3046 1386 3139; x_wconf 89' lang='lat' dir='ltr'><strong>Hannibal,</strong></span> <span class='ocrx_word' id='word_1_173' title='bbox 1415 3067 1562 3120; x_wconf 89' lang='lat' dir='ltr'><strong>non</strong></span> <span class='ocrx_word' id='word_1_174' title='bbox 1592 3047 2002 3122; x_wconf 83' lang='lat' dir='ltr'><strong>Alexander</strong></span> <span class='ocrx_word' id='word_1_175' title='bbox 2036 3067 2373 3143; x_wconf 89' lang='lat' dir='ltr'><strong>magnus,</strong></span> <span class='ocrx_word' id='word_1_176' title='bbox 2393 3066 2539 3119; x_wconf 91' lang='lat' dir='ltr'><strong>non</strong></span> <span class='ocrx_word' id='word_1_177' title='bbox 2565 3044 2799 3139; x_wconf 88' lang='lat' dir='ltr'><strong>Scipio</strong></span> 
     </span>
     <span class='ocr_line' id='line_1_23' title="bbox 454 3160 2798 3261; baseline -0 -24"><span class='ocrx_word' id='word_1_178' title='bbox 454 3165 692 3239; x_wconf 90' lang='lat' dir='ltr'><strong>maior</strong></span> <span class='ocrx_word' id='word_1_179' title='bbox 744 3165 914 3239; x_wconf 86' lang='lat' dir='ltr'><strong>huic</strong></span> <span class='ocrx_word' id='word_1_180' title='bbox 967 3165 1291 3239; x_wconf 85' lang='lat' dir='ltr'><strong>maximo</strong></span> <span class='ocrx_word' id='word_1_181' title='bbox 1326 3165 1493 3239; x_wconf 92' lang='lat' dir='ltr'><strong>duci</strong></span> <span class='ocrx_word' id='word_1_182' title='bbox 1533 3173 1836 3261; x_wconf 89' lang='lat' dir='ltr'><strong>possunt</strong></span> <span class='ocrx_word' id='word_1_183' title='bbox 1864 3160 1939 3258; x_wconf 79' lang='lat'><strong>(¹)</strong></span> <span class='ocrx_word' id='word_1_184' title='bbox 1994 3167 2417 3255; x_wconf 89' lang='lat' dir='ltr'><strong>assimilari;</strong></span> <span class='ocrx_word' id='word_1_185' title='bbox 2455 3166 2580 3261; x_wconf 88' lang='lat' dir='ltr'><strong>qni</strong></span> <span class='ocrx_word' id='word_1_186' title='bbox 2634 3164 2798 3237; x_wconf 78' lang='lat' dir='ltr'><strong>fecit</strong></span> 
     </span>
     <span class='ocr_line' id='line_1_24' title="bbox 453 3283 2798 3381; baseline -0 -24"><span class='ocrx_word' id='word_1_187' title='bbox 453 3284 611 3360; x_wconf 81' lang='lat' dir='ltr'><strong>fere</strong></span> <span class='ocrx_word' id='word_1_188' title='bbox 661 3285 1126 3379; x_wconf 88' lang='lat' dir='ltr'><strong>impossibilia</strong></span> <span class='ocrx_word' id='word_1_189' title='bbox 1178 3286 1474 3359; x_wconf 90' lang='lat' dir='ltr'><strong>bomini.</strong></span> <span class='ocrx_word' id='word_1_190' title='bbox 1530 3287 1658 3361; x_wconf 88' lang='lat' dir='ltr'><strong>Hic</strong></span> <span class='ocrx_word' id='word_1_191' title='bbox 1722 3287 1857 3361; x_wconf 78' lang='lat' dir='ltr'><strong>fuit</strong></span> <span class='ocrx_word' id='word_1_192' title='bbox 1916 3287 2552 3381; x_wconf 89' lang='lat' dir='ltr'><strong>eloquentissimus</strong></span> <span class='ocrx_word' id='word_1_193' title='bbox 2602 3283 2798 3380; x_wconf 93' lang='lat' dir='ltr'><strong>prin-</strong></span> 
     </span>
    </p>
   </div>
   <div class='ocr_carea' id='block_1_3' title="bbox 371 3406 2800 3513">
    <p class='ocr_par' dir='ltr' id='par_1_3' title="bbox 371 3406 2800 3513">
     <span class='ocr_line' id='line_1_25' title="bbox 371 3406 2800 3513; baseline -0.001 -33"><span class='ocrx_word' id='word_1_194' title='bbox 371 3510 374 3513; x_wconf 9' lang='grc' dir='ltr'><em>ῃ</em></span> <span class='ocrx_word' id='word_1_195' title='bbox 455 3407 724 3501; x_wconf 87' lang='lat' dir='ltr'><strong>cipum,</strong></span> <span class='ocrx_word' id='word_1_196' title='bbox 780 3407 973 3480; x_wconf 92' lang='lat' dir='ltr'><strong>unde</strong></span> <span class='ocrx_word' id='word_1_197' title='bbox 1023 3406 1299 3480; x_wconf 91' lang='lat' dir='ltr'><strong>Tullius</strong></span> <span class='ocrx_word' id='word_1_198' title='bbox 1351 3413 1696 3482; x_wconf 90' lang='lat' dir='ltr'><strong>numerat</strong></span> <span class='ocrx_word' id='word_1_199' title='bbox 1748 3428 1923 3482; x_wconf 90' lang='lat' dir='ltr'><strong>eum</strong></span> <span class='ocrx_word' id='word_1_200' title='bbox 1960 3411 2151 3483; x_wconf 85' lang='lat' dir='ltr'><strong>inter</strong></span> <span class='ocrx_word' id='word_1_201' title='bbox 2192 3407 2504 3501; x_wconf 91' lang='lat' dir='ltr'><strong>optimos</strong></span> <span class='ocrx_word' id='word_1_202' title='bbox 2552 3411 2800 3479; x_wconf 82' lang='lat' dir='ltr'><strong>orato-</strong></span> 
     </span>
    </p>
   </div>
   <div class='ocr_carea' id='block_1_4' title="bbox 451 3525 2800 4456">
    <p class='ocr_par' dir='ltr' id='par_1_4' title="bbox 451 3525 2800 4456">
     <span class='ocr_line' id='line_1_26' title="bbox 457 3525 2800 3624; baseline -0.001 -23"><span class='ocrx_word' id='word_1_203' title='bbox 457 3546 613 3620; x_wconf 84' lang='lat' dir='ltr'><strong>res3</strong></span> <span class='ocrx_word' id='word_1_204' title='bbox 665 3527 797 3600; x_wconf 80' lang='lat' dir='ltr'><strong>suit</strong></span> <span class='ocrx_word' id='word_1_205' title='bbox 847 3533 1085 3621; x_wconf 87' lang='lat' dir='ltr'><strong>poeta,</strong></span> <span class='ocrx_word' id='word_1_206' title='bbox 1122 3526 1319 3599; x_wconf 92' lang='lat' dir='ltr'><strong>unde</strong></span> <span class='ocrx_word' id='word_1_207' title='bbox 1373 3525 1541 3601; x_wconf 80' lang='lat' dir='ltr'><strong>fecit</strong></span> <span class='ocrx_word' id='word_1_208' title='bbox 1589 3528 1896 3603; x_wconf 90' lang='lat' dir='ltr'><strong>metrice</strong></span> <span class='ocrx_word' id='word_1_209' title='bbox 1930 3530 2364 3624; x_wconf 90' lang='lat' dir='ltr'><strong>opusculum</strong></span> <span class='ocrx_word' id='word_1_210' title='bbox 2421 3526 2617 3621; x_wconf 91' lang='lat' dir='ltr'><strong>quod</strong></span> <span class='ocrx_word' id='word_1_211' title='bbox 2669 3545 2800 3620; x_wconf 94' lang='lat' dir='ltr'><strong>ap-</strong></span> 
     </span>
     <span class='ocr_line' id='line_1_27' title="bbox 452 3645 2796 3742; baseline -0.001 -23"><span class='ocrx_word' id='word_1_212' title='bbox 452 3647 748 3742; x_wconf 83' lang='lat' dir='ltr'><strong>pellavit</strong></span> <span class='ocrx_word' id='word_1_213' title='bbox 799 3646 937 3719; x_wconf 88' lang='lat' dir='ltr'><strong>iter</strong></span> <span class='ocrx_word' id='word_1_214' title='bbox 973 3645 1047 3718; x_wconf 92' lang='lat' dir='ltr'><strong>in</strong></span> <span class='ocrx_word' id='word_1_215' title='bbox 1081 3651 1396 3742; x_wconf 84' lang='lat' dir='ltr'><strong>angusto</strong></span> <span class='ocrx_word' id='word_1_216' title='bbox 1432 3667 1688 3721; x_wconf 91' lang='lat' dir='ltr'><strong>rerum</strong></span> <span class='ocrx_word' id='word_1_217' title='bbox 1723 3648 2060 3742; x_wconf 87' lang='lat' dir='ltr'><strong>articulo,</strong></span> <span class='ocrx_word' id='word_1_218' title='bbox 2103 3648 2397 3742; x_wconf 89' lang='lat' dir='ltr'><strong>quando</strong></span> <span class='ocrx_word' id='word_1_219' title='bbox 2437 3647 2509 3720; x_wconf 92' lang='lat' dir='ltr'><strong>in</strong></span> <span class='ocrx_word' id='word_1_220' title='bbox 2544 3645 2796 3742; x_wconf 82' lang='lat' dir='ltr'><strong>viginti</strong></span> 
     </span>
     <span class='ocr_line' id='line_1_28' title="bbox 453 3755 2795 3863; baseline -0.001 -24"><span class='ocrx_word' id='word_1_221' title='bbox 453 3771 778 3860; x_wconf 85' lang='lat' dir='ltr'><strong>quatuor</strong></span> <span class='ocrx_word' id='word_1_222' title='bbox 828 3763 1085 3838; x_wconf 89' lang='lat' dir='ltr'><strong>diebus</strong></span> <span class='ocrx_word' id='word_1_223' title='bbox 1134 3765 1229 3837; x_wconf 94' lang='lat' dir='ltr'><strong>ab</strong></span> <span class='ocrx_word' id='word_1_224' title='bbox 1274 3764 1477 3839; x_wconf 90' lang='lat' dir='ltr'><strong>Italia</strong></span> <span class='ocrx_word' id='word_1_225' title='bbox 1519 3766 1648 3840; x_wconf 85' lang='lat' dir='ltr'><strong>ivit</strong></span> <span class='ocrx_word' id='word_1_226' title='bbox 1681 3766 1755 3839; x_wconf 89' lang='lat' dir='ltr'><strong>in</strong></span> <span class='ocrx_word' id='word_1_227' title='bbox 1787 3767 2228 3863; x_wconf 85' lang='lat' dir='ltr'><strong>Hispaniam.</strong></span> <span class='ocrx_word' id='word_1_228' title='bbox 2266 3765 2665 3838; x_wconf 89' lang='lat' dir='ltr'><strong>Historicus</strong></span> <span class='ocrx_word' id='word_1_229' title='bbox 2696 3755 2795 3855; x_wconf 82' lang='lat'><strong>(²),</strong></span> 
     </span>
     <span class='ocr_line' id='line_1_29' title="bbox 452 3881 2793 3981; baseline -0.003 -20"><span class='ocrx_word' id='word_1_230' title='bbox 452 3887 651 3961; x_wconf 91' lang='lat' dir='ltr'><strong>unde</strong></span> <span class='ocrx_word' id='word_1_231' title='bbox 700 3906 834 3960; x_wconf 90' lang='lat' dir='ltr'><strong>sua</strong></span> <span class='ocrx_word' id='word_1_232' title='bbox 886 3890 1092 3981; x_wconf 86' lang='lat' dir='ltr'><strong>gesta</strong></span> <span class='ocrx_word' id='word_1_233' title='bbox 1141 3884 1518 3979; x_wconf 88' lang='lat' dir='ltr'><strong>descripsit</strong></span> <span class='ocrx_word' id='word_1_234' title='bbox 1567 3887 1945 3962; x_wconf 90' lang='lat' dir='ltr'><strong>luculento</strong></span> <span class='ocrx_word' id='word_1_235' title='bbox 1983 3886 2168 3979; x_wconf 87' lang='lat' dir='ltr'><strong>stilo,</strong></span> <span class='ocrx_word' id='word_1_236' title='bbox 2205 3890 2291 3957; x_wconf 92' lang='lat' dir='ltr'><strong>ut</strong></span> <span class='ocrx_word' id='word_1_237' title='bbox 2321 3883 2492 3957; x_wconf 91' lang='lat' dir='ltr'><strong>dicit</strong></span> <span class='ocrx_word' id='word_1_238' title='bbox 2537 3881 2793 3955; x_wconf 88' lang='lat' dir='ltr'><strong>Sveto—</strong></span> 
     </span>
     <span class='ocr_line' id='line_1_30' title="bbox 452 4003 2795 4102; baseline -0.003 -23"><span class='ocrx_word' id='word_1_239' title='bbox 452 4006 651 4101; x_wconf 81' lang='lat' dir='ltr'><strong>nins3</strong></span> <span class='ocrx_word' id='word_1_240' title='bbox 704 4005 874 4080; x_wconf 86' lang='lat' dir='ltr'><strong>fecit</strong></span> <span class='ocrx_word' id='word_1_241' title='bbox 925 4004 1146 4079; x_wconf 90' lang='lat' dir='ltr'><strong>etiam</strong></span> <span class='ocrx_word' id='word_1_242' title='bbox 1195 4004 1684 4099; x_wconf 81' lang='lat' dir='ltr'><strong>AnticatoneS,</strong></span> <span class='ocrx_word' id='word_1_243' title='bbox 1720 4005 2044 4080; x_wconf 84' lang='lat' dir='ltr'><strong>correxit</strong></span> <span class='ocrx_word' id='word_1_244' title='bbox 2094 4007 2294 4102; x_wconf 84' lang='lat' dir='ltr'><strong>leges</strong></span> <span class='ocrx_word' id='word_1_245' title='bbox 2342 4003 2457 4076; x_wconf 89' lang='lat' dir='ltr'><strong>sui</strong></span> <span class='ocrx_word' id='word_1_246' title='bbox 2508 4008 2795 4094; x_wconf 91' lang='lat' dir='ltr'><strong>tempo-</strong></span> 
     </span>
     <span class='ocr_line' id='line_1_31' title="bbox 457 4120 2795 4219; baseline -0.002 -23"><span class='ocrx_word' id='word_1_247' title='bbox 457 4124 578 4216; x_wconf 78' lang='lat' dir='ltr'><strong>rie,</strong></span> <span class='ocrx_word' id='word_1_248' title='bbox 632 4123 800 4198; x_wconf 80' lang='lat' dir='ltr'><strong>fecit</strong></span> <span class='ocrx_word' id='word_1_249' title='bbox 843 4130 1295 4219; x_wconf 91' lang='lat' dir='ltr'><strong>compotum,</strong></span> <span class='ocrx_word' id='word_1_250' title='bbox 1347 4124 1711 4198; x_wconf 82' lang='lat' dir='ltr'><strong>ordinavit</strong></span> <span class='ocrx_word' id='word_1_251' title='bbox 1776 4145 2080 4219; x_wconf 89' lang='lat' dir='ltr'><strong>annum,</strong></span> <span class='ocrx_word' id='word_1_252' title='bbox 2135 4124 2432 4196; x_wconf 86' lang='lat' dir='ltr'><strong>invento</strong></span> <span class='ocrx_word' id='word_1_253' title='bbox 2492 4120 2795 4212; x_wconf 83' lang='lat' dir='ltr'><strong>bisexto,</strong></span> 
     </span>
     <span class='ocr_line' id='line_1_32' title="bbox 451 4240 2799 4339; baseline -0.002 -24"><span class='ocrx_word' id='word_1_254' title='bbox 451 4241 769 4315; x_wconf 82' lang='lat' dir='ltr'><strong>dictabat</strong></span> <span class='ocrx_word' id='word_1_255' title='bbox 818 4243 1036 4317; x_wconf 90' lang='lat' dir='ltr'><strong>simul</strong></span> <span class='ocrx_word' id='word_1_256' title='bbox 1072 4243 1404 4339; x_wconf 90' lang='lat' dir='ltr'><strong>pluribus</strong></span> <span class='ocrx_word' id='word_1_257' title='bbox 1446 4243 1942 4339; x_wconf 89' lang='lat' dir='ltr'><strong>scriptoribus,</strong></span> <span class='ocrx_word' id='word_1_258' title='bbox 1980 4249 2061 4316; x_wconf 88' lang='lat' dir='ltr'><strong>ut</strong></span> <span class='ocrx_word' id='word_1_259' title='bbox 2093 4242 2288 4316; x_wconf 90' lang='lat' dir='ltr'><strong>idem</strong></span> <span class='ocrx_word' id='word_1_260' title='bbox 2328 4240 2517 4314; x_wconf 88' lang='lat' dir='ltr'><strong>dicit.</strong></span> <span class='ocrx_word' id='word_1_261' title='bbox 2556 4240 2799 4314; x_wconf 83' lang='lat' dir='ltr'><strong>Caesar</strong></span> 
     </span>
     <span class='ocr_line' id='line_1_33' title="bbox 455 4357 2799 4456; baseline -0 -24"><span class='ocrx_word' id='word_1_262' title='bbox 455 4360 590 4434; x_wconf 81' lang='lat' dir='ltr'><strong>fuit</strong></span> <span class='ocrx_word' id='word_1_263' title='bbox 639 4360 1226 4456; x_wconf 83' lang='lat' dir='ltr'><strong>liberalissimus3</strong></span> <span class='ocrx_word' id='word_1_264' title='bbox 1279 4382 1450 4436; x_wconf 90' lang='lat' dir='ltr'><strong>nam</strong></span> <span class='ocrx_word' id='word_1_265' title='bbox 1503 4383 1597 4437; x_wconf 83' lang='lat' dir='ltr'><strong>ex</strong></span> <span class='ocrx_word' id='word_1_266' title='bbox 1650 4367 1759 4437; x_wconf 86' lang='lat' dir='ltr'><strong>tot</strong></span> <span class='ocrx_word' id='word_1_267' title='bbox 1808 4362 2129 4437; x_wconf 84' lang='lat' dir='ltr'><strong>victoriis</strong></span> <span class='ocrx_word' id='word_1_268' title='bbox 2191 4360 2363 4434; x_wconf 88' lang='lat' dir='ltr'><strong>nibil</strong></span> <span class='ocrx_word' id='word_1_269' title='bbox 2423 4359 2554 4433; x_wconf 93' lang='lat' dir='ltr'><strong>sibi</strong></span> <span class='ocrx_word' id='word_1_270' title='bbox 2621 4357 2799 4432; x_wconf 89' lang='lat' dir='ltr'><strong>reti-</strong></span> 
     </span>
    </p>
   </div>
   <div class='ocr_carea' id='block_1_5' title="bbox 577 4622 2365 4687">
    <p class='ocr_par' dir='ltr' id='par_1_5' title="bbox 577 4622 2365 4687">
     <span class='ocr_line' id='line_1_34' title="bbox 577 4622 2365 4687; baseline -0.002 -14"><span class='ocrx_word' id='word_1_271' title='bbox 577 4624 634 4686; x_wconf 67' lang='grc' dir='ltr'><strong>(η</strong></span> <span class='ocrx_word' id='word_1_272' title='bbox 668 4624 727 4674; x_wconf 80' lang='lat' dir='ltr'><strong>E.</strong></span> <span class='ocrx_word' id='word_1_273' title='bbox 760 4629 977 4687; x_wconf 66' lang='lat' dir='ltr'><strong>possunt</strong></span> <span class='ocrx_word' id='word_1_274' title='bbox 1008 4624 1237 4675; x_wconf 64' lang='lat' dir='ltr'><strong>similari.</strong></span> <span class='ocrx_word' id='word_1_275' title='bbox 1737 4622 1794 4684; x_wconf 82' lang='lat'><strong>(⁸)</strong></span> <span class='ocrx_word' id='word_1_276' title='bbox 1826 4623 1887 4673; x_wconf 78' lang='grc' dir='ltr'><strong>Β.</strong></span> <span class='ocrx_word' id='word_1_277' title='bbox 1920 4623 2041 4672; x_wconf 76' lang='lat' dir='ltr'><strong>Fun</strong></span> <span class='ocrx_word' id='word_1_278' title='bbox 2073 4622 2365 4673; x_wconf 63' lang='lat' dir='ltr'><strong>armoricus.</strong></span> 
     </span>
    </p>
   </div>
  </div>
 </body>
</html>
