3734 5567
894 483 1037 549 272
1610 492 2019 546 COMENTUM
2067 493 2506 547 PURGATORII

890 638 1101 711 multi
1155 637 1409 712 famosi
1461 636 1847 730 florentini,
1901 637 2089 711 sicut
2137 636 2481 714 dominus
2531 635 2835 711 Cursius
2885 638 3232 714 Donatus,

888 757 1099 834 Modo
1147 757 1238 831 ad
1291 757 1743 851 propositum
1795 756 1966 830 dicit
1999 757 2292 831 Beatrix
2337 755 2535 849 quod
2575 756 2886 831 vindicta
2924 758 3056 832 Dei
3090 779 3236 833 non

888 879 1095 952 timet
1162 899 1451 972 suppas,
1503 877 1713 970 quasi
1773 877 1986 971 dicat,
2049 877 2245 970 quod
2311 876 2515 951 fraus
2583 879 2701 952 vel
2759 879 3034 954 malitia
3085 899 3230 952 non

887 997 1079 1073 valet
1129 1003 1386 1073 contra
1444 998 1706 1090 Deum,
1772 989 1901 1089 qui
1965 1005 2074 1071 est
2122 997 2370 1090 justus
2400 991 2474 1088 (¹)
2529 996 2761 1090 judex
2829 1006 2907 1072 et
2969 997 3234 1072 vindex

886 1119 1348 1220 iniuriarum.
1399 1119 1583 1191 Nota
1633 1117 1856 1220 etiam
1924 1117 2121 1210 quod
2171 1117 2289 1191 alii
2342 1117 2555 1192 aliter
2605 1125 2984 1212 exponunt
3033 1119 3231 1192 illam

889 1239 1176 1314 literam
1221 1242 1302 1332 su
1352 1260 1391 1311 e
1436 1258 1582 1310 non
1631 1234 1711 1329 3⁸,-
1762 1243 1837 1310 et
1887 1235 2137 1311 dicunt
2187 1236 2384 1330 quod
2436 1237 2740 1311 ecclesia
2794 1258 2939 1310 non
2996 1244 3108 1312 est
3156 1237 3230 1311 in

888 1359 1189 1451 antiqua
1241 1358 1704 1453 dispositione
1763 1377 1922 1450 sua,
1974 1357 2164 1430 sicut
2221 1356 2358 1430 ruit
2416 1362 2587 1431 ante
2654 1358 3225 1431 Machomettum

889 1486 964 1553 et
1005 1484 1165 1573 post
1197 1476 1662 1551 donationem
1706 1475 2189 1568 Constantini;
2242 1496 2412 1549 nam
2463 1496 2733 1550 currus
2780 1483 2957 1551 tunc
2992 1483 3228 1552 trans-

889 1598 1234 1671 formavit
1290 1617 1418 1671 se:
1477 1596 1602 1670 sed
1665 1596 1799 1692 ista
1851 1595 2204 1689 expositio
2254 1595 2546 1669 videtur
2597 1597 2812 1670 nimis
2869 1618 2915 1670 a
2978 1598 3226 1692 longe:

889 1717 1083 1791 unde
1133 1717 1340 1792 litera
1396 1737 1563 1810 quae
1614 1716 1858 1790 statim
1908 1715 2243 1809 sequitur
2292 1714 2603 1790 ostendit
2644 1715 2843 1809 quod
2884 1717 3227 1808 loquatur

884 1838 978 1912 de
1025 1837 1341 1933 gigante.
1374 1877 1473 1890 —
1499 1841 1679 1910 Non.
1718 1835 1848 1909 Hic
1881 1835 2175 1909 Beatrix
2210 1834 2550 1909 describit
2584 1833 2658 1907 in
2692 1834 2983 1929 speciali
3020 1835 3223 1907 illum

736 1965 741 1970 ’
887 1957 1013 2051 qui
1066 1957 1393 2033 facturus
1444 1964 1553 2030 est
1602 1955 1994 2029 vindictam
2035 1953 2128 2028 de
2162 1954 2443 2027 iniuriis
2479 1955 2837 2048 ecclesiae3
2875 1955 3059 2028 etin
3094 1955 3226 2029 ista

888 2077 1123 2169 litera,
1150 2096 1317 2169 quae
1345 2075 1592 2148 multis
1625 2075 1917 2150 videtur
1956 2073 2368 2165 fortissima,
2404 2080 2616 2169 poeta
2655 2094 2799 2148 non
2837 2076 2992 2148 vult
3030 2074 3228 2150 aliud

889 2195 1134 2269 dicere
1185 2194 1706 2269 sententialiter
1757 2194 1828 2266 in
1882 2192 2173 2287 effectu,
2209 2193 2346 2267 nisi
2381 2194 2578 2286 quod
2629 2210 2788 2267 non
2833 2203 2991 2288 post
3033 2195 3228 2266 mul-

888 2321 1049 2386 tum
1104 2313 1451 2406 temporis
1501 2312 1744 2387 veniet
1793 2333 1886 2387 ex
1941 2313 2086 2387 alta
2129 2312 2580 2407 providentia
2614 2313 2746 2388 Dei
2780 2321 2856 2388 et
2888 2314 3079 2389 bona
3112 2314 3226 2386 in-

888 2431 1187 2506 fluentia
1238 2432 1613 2506 stellarum
1661 2431 1959 2525 quidam
2004 2433 2250 2526 justus
2308 2433 2641 2528 princeps
2693 2453 3046 2507 romanus
3098 2432 3224 2526 qui

890 2552 1161 2627 virtute
1194 2559 1269 2626 et
1318 2552 1657 2626 felicitate
1707 2573 1840 2626 sua
1895 2552 2322 2626 reformabit
2374 2554 2736 2627 mundum
2775 2553 3223 2628 restituendo

886 2672 1266 2747 ecclesiam
1321 2672 1639 2766 pristinae
1691 2672 2028 2764 libertati,
2079 2672 2636 2747 exterminando
2690 2693 2942 2769 regem
2994 2674 3223 2747 Fran—

887 2792 1038 2866 ciae.
1068 2792 1249 2866 Dicit
1277 2812 1497 2888 ergo:
1526 2794 1888 2883 l’aquylia,
1924 2791 2127 2884 idest,
2166 2792 2557 2887 imperium
2595 2812 3014 2886 romanum,
3051 2814 3220 2867 nam

885 2932 1016 3005 per
1066 2911 1357 3007 signum
1409 2912 1535 2986 dat
1582 2911 1877 3007 intelligi
1933 2911 2327 3006 signatum,
2369 2915 2489 2984 che
2523 2906 2737 2986 lasci&
2788 2917 2850 2986 le
2887 2934 3117 3005 penne
3149 2915 3226 2986 al

881 3055 1125 3124 carm,
1176 3032 1315 3106 sub
1345 3024 1420 3125 (²)
1472 3031 1941 3106 Constantino
1993 3031 2119 3124 qui
2171 3030 2448 3106 dotavit
2494 3015 2900 3126 ecclesiam,
2947 3028 3221 3125 perche,

882 3152 1085 3244 idest,
1139 3159 1436 3246 propter
1486 3172 1711 3244 quam
1763 3151 2010 3225 dotem
2064 3151 2215 3245 ipse
2264 3171 2553 3246 curruS,
2606 3155 2898 3226 divenne
2931 3160 3219 3243 moscrO,

881 3293 1054 3346 cum
1091 3278 1368 3365 septem
1404 3270 1760 3365 capitibus
1795 3279 1869 3344 et
1910 3270 2165 3344 decem
2218 3271 2587 3366 cornibuS,
2621 3294 2659 3345 e
2686 3277 2930 3365 poscia
2962 3276 3221 3365 preda,

881 3391 1068 3464 facta
1104 3411 1149 3464 a
1183 3390 1503 3485 gigante,
1530 3410 1673 3462 non
1698 3380 1876 3462 sard
1901 3398 2066 3464 tutto
2092 3398 2315 3483 tempo
2347 3413 2565 3464 senza
2589 3397 2794 3483 reda,
2821 3393 3022 3486 idest,
3058 3392 3216 3467 sine

882 3529 1306 3584 successore
1339 3510 1805 3603 imperatore,
1834 3508 2021 3583 sicut
2056 3530 2251 3583 nunc
2294 3517 2451 3603 est,·
2486 3533 2659 3585 nam
2704 3519 3037 3607 tempore
3078 3512 3221 3584 Bo-

883 3628 1116 3703 nifacii
1149 3628 1392 3701 nullus
1417 3634 1577 3702 erat
1614 3628 2033 3723 imperator,
2063 3629 2194 3701 nisi
2224 3630 2563 3704 Albertus
2591 3638 2895 3706 vocatus
2921 3631 3046 3725 qui
3075 3651 3217 3704 non

879 3749 1078 3822 venit
1110 3747 1202 3822 ad
1241 3748 1686 3822 liberandam
1725 3748 2026 3841 ltaliam,
2053 3747 2146 3822 de
2186 3769 2336 3842 quo
2372 3757 2585 3843 poeta
2619 3758 3068 3844 conquestus
3108 3755 3217 3823 est

878 3868 969 3941 Vl
1019 3868 1337 3964 capitulo
1388 3867 1605 3941 huius
1654 3867 2091 3963 Purgatorii.
2131 3868 2218 3941 Et
2254 3867 2369 3941 bic
2408 3876 2580 3942 nota
2624 3870 2823 3962 quod
2856 3877 3075 3944 caute
3107 3869 3219 3942 lo-

878 3975 1130 4083 quitur
1180 3990 1298 4063 hic
1346 3996 1598 4083 poeta:
1666 3986 1822 4061 vult
1887 3987 2082 4062 enim
2148 3986 2394 4061 dicere
2452 3988 2707 4062 tacite:
2773 3989 2963 4063 sicut
3025 4009 3221 4060 unus

877 4109 1279 4204 imperator
1332 4128 1682 4184 romanus
1731 4105 1928 4181 dedit
1960 4108 2269 4200 plumaS,
2307 4106 2509 4199 idest,
2545 4107 2828 4184 divitias
2863 4108 3219 4199 ecclesiae,

879 4249 971 4300 ex
1025 4227 1293 4321 quibus
1346 4234 1513 4302 nata
1563 4233 1676 4301 est
1725 4226 2057 4299 insatiata
2117 4225 2424 4299 avaritia
2489 4226 2991 4321 praelatorum,
3055 4246 3223 4320 quae

833 4425 836 4428 ,
879 4353 988 4421 est
1037 4346 1434 4420 destructio
1486 4345 1764 4439 mundi,
1818 4345 1915 4418 ita
1968 4343 2265 4437 quidam
2308 4345 2495 4418 alius
2529 4345 2933 4440 imperator
2971 4365 3219 4418 roma-

1001 4604 1058 4668 (¹)
1093 4607 1200 4662 11⁷,
1226 4603 1398 4666 justus
1430 4616 1537 4662 rex,
1563 4603 1741 4666 judex.
2117 4601 2174 4666 (¹)
2207 4602 2268 4651 Β.
2303 4603 2519 4653 subaudi
2550 4564 2900 4655 Constantino.
