3734 5567
1077 510 1352 565 CANTUS
1403 512 1786 566 vlensmus
1836 512 2202 567 SEPTIMUS.
2673 503 2803 567 141

468 660 723 733 Poscia
770 648 830 729 si
880 657 1087 746 disse,
1131 655 1251 730 ille
1284 654 1615 763 angelus,
1667 678 1858 729 come
1907 660 2030 730 noi
2075 660 2177 748 qli
2218 661 2488 751 summo
2530 678 2811 751 pressm

467 778 641 872 quia
692 775 1041 851 continuo
1091 775 1406 871 ibamuS,
1458 776 1611 872 ipse
1661 798 1841 853 vero
1891 778 2167 852 stabat:
2216 773 2339 869 pi&
2388 800 2532 852 non
2582 784 2645 853 si
2694 800 2812 870 va,

465 897 671 992 idest,
722 895 813 970 iri
864 916 1014 969 non
1066 901 1320 991 potest,
1374 918 1417 969 o
1457 900 1690 971 anime
1725 905 1950 988 sante,
2001 897 2174 992 quia
2215 900 2373 994 jam
2425 901 2693 975 Dantes
2736 905 2813 974 et

469 1017 741 1094 Statius
784 1022 996 1092 erant
1027 1016 1317 1112 purgati
1357 1016 1701 1091 omnibus
1736 1018 1945 1111 vitiis,
1983 1024 2057 1091 et
2092 1017 2484 1093 tendebant
2521 1020 2614 1094 ad
2655 1039 2811 1093 coe-

468 1140 663 1233 lum3
719 1135 1055 1234 Virgilius
1110 1157 1286 1210 vero
1337 1137 1465 1230 qui
1516 1144 1676 1213 erat
1726 1159 1861 1232 pro
1912 1144 2155 1213 scorta
2207 1141 2426 1235 paulo
2478 1146 2638 1234 post
2689 1160 2811 1213 re-

466 1258 656 1333 cedit
686 1252 787 1351 (¹),
817 1264 900 1331 ut
924 1257 1233 1353 patebit,
1267 1280 1342 1330 se
1367 1261 1539 1351 pria
1572 1262 1628 1332 il
1650 1261 1860 1351 fuoco
1893 1281 2038 1333 non
2078 1263 2349 1350 morde,
2375 1258 2580 1354 idest,
2617 1266 2811 1334 assat

465 1399 736 1475 parum
790 1399 942 1472 vOS,
997 1377 1182 1472 ideo,
1235 1384 1502 1452 encrate
1549 1382 1624 1453 in
1673 1400 1824 1451 esso
1839 1406 1872 1472 ,·
1939 1387 2015 1454 et
2076 1378 2280 1454 dicit:
2333 1401 2371 1452 e
2432 1400 2579 1452 non
2638 1381 2812 1451 siate

462 1501 679 1573 sorde
741 1502 818 1573 al
875 1504 1129 1572 cantor
1189 1501 1265 1572 di
1330 1488 1429 1590 ἰὰ,
1497 1499 1707 1592 quasi
1765 1498 2004 1574 dicat:
2074 1487 2601 1592 confortemini,
2672 1499 2808 1573 viri

464 1619 713 1715 forteS,
769 1626 843 1694 et
890 1619 1155 1694 habete
1205 1618 1630 1714 patientiam
1691 1619 1764 1692 in
1827 1620 2022 1714 igne,
2074 1618 2248 1712 quia
2313 1619 2509 1694 ultra
2561 1618 2806 1713 ignem

463 1738 773 1814 audietis
823 1738 1043 1813 aliam
1096 1759 1358 1813 vocem
1409 1738 1802 1833 benignam
1823 1729 1898 1830 (²)
1934 1738 2408 1833 recipientem
2446 1758 2597 1830 voS,
2641 1758 2810 1832 quae

464 1858 636 1932 dicit
664 1848 779 1951 (³):
832 1861 1055 1931 Venite
1104 1858 1435 1932 benedicti
1482 1864 1620 1933 etc.
1676 1858 1762 1931 Et
1813 1858 2013 1952 ponit
2052 1858 2397 1934 effectum
2449 1864 2662 1952 poeta
2715 1878 2809 1930 ex

467 1986 680 2074 parte
712 1978 827 2051 sui
853 1966 954 2072 (⁴),
990 1976 1274 2052 dicens:
1306 1980 1539 2070 percla’
1563 1981 1635 2051 io
1673 1980 1954 2051 divenni
1986 1981 2089 2051 tal
2116 1980 2377 2071 quand’
2400 1980 2472 2050 io
2524 1979 2807 2067 l’inlasi,

472 2100 767 2194 scilicet,
804 2097 1099 2193 quando
1130 2097 1378 2173 audivi
1411 2097 1609 2192 quod
1650 2097 2034 2194 oportebat
2088 2120 2208 2173 me
2258 2098 2512 2174 vivum
2567 2103 2806 2172 trans-

472 2222 582 2298 ire
622 2241 754 2317 per
786 2220 1057 2316 ignem,
1094 2222 1298 2311 quale
1334 2215 1377 2293 ἐ
1405 2221 1588 2293 colui
1617 2221 1737 2292 che
1774 2221 1960 2292 nella
1994 2222 2196 2312 fossa
2239 2214 2283 2293 e*
2309 2238 2559 2310 meSSO,
2599 2215 2809 2311 quasi

463 2341 691 2416 dicat:
748 2340 979 2414 sactus
1030 2360 1196 2412 sum
1251 2339 1349 2412 ita
1402 2338 1699 2414 territus
1750 2337 1949 2432 quod
2000 2338 2302 2413 videbar
2336 2344 2811 2411 mortuus.-

461 2466 554 2535 In
600 2483 705 2535 su.
770 2460 899 2534 Hic
957 2467 1169 2555 poeta
1238 2459 1570 2554 ostendit,
1634 2458 2009 2553 quomodo
2069 2480 2150 2534 se
2215 2459 2553 2535 habuerit
2614 2457 2806 2532 circa

467 2580 691 2654 istum
728 2578 995 2674 ignem,
1022 2578 1302 2654 dicens:
1341 2584 1423 2653 Io
1457 2582 1554 2652 mi
1578 2582 1843 2671 protest·
1875 2582 1949 2653 in
1981 2600 2065 2652 su
2098 2582 2160 2652 le
2191 2600 2357 2652 man
2392 2599 2760 2652 commesse
2775 2603 2808 2670 ,-

468 2701 630 2774 vult
681 2697 946 2794 dicere,
998 2699 1195 2794 quod
1247 2699 1640 2794 implicavit
1670 2690 1746 2791 (⁵)
1812 2720 2119 2773 manum
2179 2718 2351 2773 cum
2418 2718 2668 2791 manu,
2734 2705 2808 2771 et

457 2818 857 2895 connexuit
904 2818 1163 2916 digitos
1211 2818 1306 2893 ad
1355 2818 1694 2912 invicem,
1730 2818 1917 2892 sicut
1951 2819 2136 2892 solet
2176 2819 2400 2892 homo
2448 2816 2694 2891 facere
2730 2816 2803 2890 in

459 2961 729 3038 magna
778 2939 1103 3034 tristitia;
1155 2941 1585 3032 quar-dando
1633 2942 1689 3011 il
1726 2942 1963 3032 fuoco,
2019 2958 2151 3033 per
2201 2958 2425 3032 quem
2487 2937 2585 3010 ita
2637 2957 2810 3010 cur-

457 3060 722 3135 rebant
770 3058 1038 3134 animae
1087 3080 1240 3154 prae
1290 3058 1567 3152 dolore,
1610 3065 1683 3133 et
1732 3057 2065 3133 dicebam
2118 3057 2309 3131 intra
2363 3076 2519 3130 me:
2574 3056 2808 3129 multo

458 3180 672 3277 peius
707 3179 849 3255 erit
882 3180 1033 3273 tibi,
1069 3180 1195 3275 qui
1231 3201 1403 3254 cum
1441 3198 1752 3273 corpore
1792 3178 1998 3253 vivis,
2040 3176 2243 3251 Unde
2284 3175 2491 3250 dicit:
2528 3182 2595 3250 E
2628 3179 2810 3249 ima-

455 3302 780 3392 yinando
826 3304 1012 3394 force
1060 3303 1300 3375 mnam·
1347 3302 1547 3393 corpi
1591 3289 1715 3391 yid
1765 3301 1997 3372 veduti
2036 3301 2260 3371 accesi
2274 3323 2297 3370 .·
2332 3298 2542 3391 quasi
2592 3297 2805 3390 dicat,

459 3423 660 3518 quod
712 3429 889 3497 tunc
941 3422 1140 3498 venit
1181 3422 1315 3496 sibi
1366 3422 1441 3495 in
1492 3426 1819 3497 mentem
1855 3419 2056 3514 quod
2097 3418 2489 3514 aliquando
2530 3417 2809 3493 viderat

459 3543 799 3618 homines
847 3542 1183 3617 comburi
1237 3542 1310 3615 in
1362 3539 1640 3615 mundo
1691 3540 1852 3634 ist0,
1904 3539 2095 3616 sicut
2147 3539 2332 3613 forte
2388 3537 2803 3612 sodomitas

459 3664 549 3737 Et
598 3663 715 3739 hic
767 3670 939 3739 nota
989 3662 1337 3756 breviter,
1389 3663 1643 3754 lector,
1680 3658 1879 3753 quod
1930 3658 2228 3753 quidam
2282 3659 2607 3733 volentes
2648 3656 2809 3751 phi-

461 3783 826 3881 losophari
880 3783 953 3857 in
1005 3783 1228 3858 rebus
1275 3781 1548 3879 grossis
1614 3779 1864 3853 dicunt
1928 3778 2068 3872 hic,
2121 3776 2321 3872 quod
2383 3784 2604 3851 autor
2657 3797 2805 3850 non

460 3903 791 3999 loquitur
841 3901 934 3977 de
983 3901 1155 4000 igne
1204 3900 1550 3996 praedicto
1601 3897 2053 3995 purgatorio,
2106 3896 2258 3971 imo
2308 3894 2401 3969 de
2452 3895 2620 3991 igne
2655 3895 2809 3969 ele-

465 4022 780 4099 mentari
832 4022 907 4098 in
950 4043 1163 4117 spera
1198 4042 1371 4115 sua,
1408 4018 1603 4114 quod
1645 4018 1818 4092 mihi
1854 4016 2146 4092 videtur
2184 4015 2596 4106 ridiculum,
2635 4013 2809 4107 quia

466 4153 682 4237 poeta
742 4141 945 4238 ponit
1003 4161 1257 4217 aerem
1327 4160 1551 4236 supra
1615 4138 1839 4212 istum
1902 4136 2174 4234 ignem,
2227 4134 2426 4230 quod
2490 4154 2637 4208 non
2703 4140 2813 4208 est

465 4264 800 4360 possibile
849 4283 984 4359 per
1024 4269 1396 4355 naturam,
1431 4261 1605 4354 im0,
1644 4266 1726 4333 ut
1761 4258 2036 4334 videbis
2071 4257 2145 4331 in
2186 4277 2558 4352 processu,
2597 4260 2810 4350 poeta

590 4569 646 4632 (⁸)
678 4568 740 4619 Ε.
772 4583 889 4633 (ιω
921 4569 1075 4621 dicet.
1633 4566 1690 4629 (⁸)
1725 4570 1833 4627 11⁷,
1867 4578 1933 4617 ex
1965 4568 2111 4629 parte
2143 4577 2253 4615 sua.

589 4492 645 4556 (¹)
676 4493 737 4544 E.
771 4494 997 4545 recedet.
1636 4489 1690 4549 (²)
1721 4490 1783 4540 E.
1817 4489 2057 4553 benigne.

590 4646 650 4710 (⁸)
681 4650 789 4709 11⁷,
821 4646 1077 4712 implicuit
1109 4660 1338 4698 manum.
