3734 5567
937 462 1087 528 474
1725 469 2138 526 COMENTUM
2188 429 2522 524 PARLmsr

934 618 1133 690 Deus
1183 615 1399 712 elegit
1451 621 1849 709 utramque
1904 615 2096 689 viam
2151 635 2285 711 pro
2337 614 2648 707 meliori,
2698 614 2983 694 dicens:
3037 636 3152 687 ma
3204 618 3284 687 la

935 740 1177 812 divina
1226 726 1436 808 bontd
1485 737 1605 807 che
1636 738 1687 808 ’l
1733 739 1993 809 mondo
2040 739 2417 829 imprenca,
2465 734 2669 829 idest,
2714 735 3057 809 informat
3090 742 3285 808 tam-

934 878 1160 951 quam
1213 855 1524 930 formale
1583 855 2044 951 principium,
2102 859 2184 949 fu
2246 863 2565 929 contenta
2626 858 2701 929 di
2750 858 3097 948 proceder
3151 877 3287 948 per

935 984 1094 1052 tutte
1144 981 1205 1050 le
1253 998 1374 1049 sue
1423 979 1556 1067 vie,
1606 976 1876 1050 scilicet
1916 976 2273 1071 justitiam
2314 983 2387 1052 et
2426 977 2996 1051 misericordiam
3047 975 3285 1049 infini-

935 1105 1111 1190 tam,
1163 1118 1212 1169 α
1259 1099 1599 1170 rilevarvi
1644 1117 1850 1190 suso;
1903 1103 1977 1171 et
2025 1116 2201 1171 ecce
2251 1117 2554 1172 causam
2607 1096 2987 1192 optimam,
3026 1092 3284 1188 perche*

935 1221 979 1290 F
1005 1238 1191 1310 opra
1239 1213 1282 1290 e*
1327 1223 1517 1288 tanco
1556 1211 1685 1307 pici
1733 1219 2049 1309 yradila,
2106 1216 2311 1309 idest,
2348 1217 2663 1290 habetur
2711 1215 3101 1311 gratiosior
3151 1217 3284 1289 ho-

935 1337 1277 1430 minibuS,
1329 1339 1498 1410 dall’
1523 1345 1883 1428 operante,
1934 1336 2139 1430 idest,
2191 1338 2286 1410 ab
2335 1344 2622 1433 agente,
2677 1344 2936 1433 quanto
2975 1332 3105 1428 pisa
3152 1356 3286 1428 ap-

927 1466 1282 1552 presenta,
1339 1457 1548 1550 idest,
1597 1457 2076 1551 demonstrat,
2127 1460 2311 1531 della
2362 1447 2572 1530 boncd
2620 1459 2736 1530 del
2780 1479 3016 1552 cuore,
3073 1457 3280 1551 idest,

920 1578 1184 1672 animi,
1234 1582 1399 1651 ond’
1426 1581 1561 1650 ella
1624 1574 1667 1650 e*
1723 1581 1967 1670 ascita,
2027 1577 2229 1671 idest,
2281 1599 2324 1651 a
2388 1597 2537 1672 quo
2589 1578 2959 1672 processit.
3024 1578 3112 1650 Et
3164 1579 3283 1650 hic

935 1706 1107 1773 nota
1159 1698 1353 1793 quod
1407 1697 1466 1771 si
1518 1696 1686 1771 licet
1737 1717 2176 1791 comparare
2227 1699 2553 1771 humana
2603 1697 2863 1771 divinis
2912 1696 3282 1792 Galengus

935 1826 1184 1894 noster
1235 1819 1520 1892 italicus
1574 1818 2025 1913 justissimus
2084 1818 2457 1914 legislator
2522 1818 2708 1891 hanc
2763 1816 2955 1892 viam
3011 1818 3280 1910 tenuit;

933 1940 1282 2034 quoniam
1328 1938 1756 2013 mirabiliter
1808 1943 1883 2012 et
1933 1937 2207 2032 pariter
2241 1958 2423 2010 usus
2465 1943 2576 2011 est
2605 1936 2883 2031 justitia
2937 1943 3013 2011 et
3063 1937 3284 2011 mise-

933 2059 1272 2150 ricordia,
1325 2058 1423 2131 ita
1474 2057 1671 2150 quod
1724 2079 1869 2130 non
1925 2058 2219 2131 violavit
2261 2056 2616 2151 justitiam
2659 2063 2952 2150 propter
2997 2057 3284 2131 miseri-

934 2178 1284 2269 cordiam,
1314 2197 1450 2250 nec
1488 2176 2060 2249 misericordiam
2101 2181 2394 2270 propter
2419 2175 2804 2271 justitiam.
2834 2176 3021 2250 Cum
3059 2177 3280 2270 enim,

934 2302 1018 2370 ut
1053 2303 1305 2369 narrat
1342 2296 1811 2390 philosophus
1850 2298 2088 2389 primo
2117 2296 2615 2390 Politicorum,
2643 2296 3002 2371 sanxisset
3043 2297 3282 2393 legem

936 2423 1019 2489 ut
1069 2416 1359 2489 adulter
1397 2422 1713 2509 utroque
1754 2418 1974 2490 oculo
2017 2417 2456 2510 privaretur,
2494 2416 2639 2490 filio
2676 2417 2970 2512 proprio
3006 2418 3132 2510 qui
3170 2419 3282 2491 in-

931 2536 1207 2611 ciderat
1258 2536 1329 2608 in
1382 2537 1645 2631 legem,
1698 2556 1872 2610 cum
1934 2535 2055 2609 diu
2121 2537 2195 2609 in
2268 2537 2511 2631 rigore
2578 2536 3046 2630 pertinaciter
3112 2557 3281 2631 per-

932 2656 1334 2749 mansisset,
1368 2655 1662 2729 tandem
1699 2657 2028 2750 placatus
2065 2656 2403 2749 precibus
2439 2656 2774 2728 omnium
2811 2655 3005 2730 eruit
3044 2677 3278 2729 unum

928 2778 1227 2851 oculum
1284 2776 1428 2849 filio
1477 2777 1793 2850 alterum
1847 2776 2023 2868 sibi3
2069 2776 2166 2849 ita
2218 2781 2538 2850 aeternus
2571 2776 2805 2870 judex
2830 2775 3278 2870 justissimus

929 2899 1296 2994 legislator
1347 2897 1471 2970 diu
1526 2917 1785 2970 severe
1838 2896 1987 2991 egit
2037 2904 2293 2970 contra
2334 2917 2569 2992 genus
2605 2898 3018 2972 humanum
3067 2917 3279 2970 reum

930 3018 1188 3091 mortis
1242 3022 1536 3110 propter
1587 3022 1974 3110 peccatum
2030 3015 2243 3109 primi
2298 3016 2617 3109 parentis
2673 3037 2719 3090 a
2786 3017 3101 3090 muliere
3151 3016 3280 3089 de-

929 3136 1155 3230 cepti3
1207 3140 1282 3209 et
1318 3134 1629 3209 finaliter
1670 3135 2010 3229 precibus
2048 3135 2295 3209 multis
2320 3137 2698 3231 justorum
2742 3142 2817 3210 et
2849 3144 3276 3210 sanctorum

929 3260 1226 3350 patrum
1265 3276 1442 3327 usus
1478 3262 1588 3328 est
1612 3256 1894 3350 justitia
1932 3262 2007 3329 et
2044 3255 2538 3330 misericordia
2568 3255 2829 3329 Filium
2867 3278 3088 3329 suum
3139 3258 3280 3330 hu-

932 3373 1276 3447 miliando
1326 3374 1419 3447 ad
1471 3374 2046 3449 incarnationem
2103 3382 2177 3449 et
2229 3376 2661 3469 passionem.
2696 3416 2794 3430 -
2822 3373 2944 3449 Νέ.
2989 3377 3119 3452 Hic
3161 3377 3280 3450 ul-

932 3492 1111 3567 timo
1162 3493 1450 3566 Beatrix
1520 3494 1938 3590 magnificat
2001 3500 2075 3568 et
2140 3495 2644 3588 superextollit
2708 3496 2905 3568 hunc
2972 3496 3274 3569 modum

930 3611 1331 3686 redimendi
1375 3612 1830 3687 excludendo
1868 3632 2167 3686 omnem
2202 3613 2426 3686 alium
2469 3613 2796 3687 modum.
2835 3615 3018 3688 Dicit
3054 3636 3276 3712 ergo:

929 3729 1039 3806 Ne*
1081 3726 1141 3806 si
1194 3737 1338 3806 alto
1387 3755 1425 3806 e
1471 3726 1532 3805 si
1582 3736 1956 3824 maynifico
2005 3754 2361 3824 processo,
2411 3755 2581 3807 cum
2638 3740 2836 3807 tanta
2890 3736 3270 3832 magnani-

927 3853 1181 3928 mitate
1232 3861 1306 3928 et
1357 3853 1812 3947 liberalitate,
1849 3859 1957 3946 su,
1994 3853 2085 3927 de
2122 3854 2513 3946 praeterite,
2551 3855 2825 3929 scilicet
2866 3876 2995 3949 per
3039 3864 3271 3931 totum

926 3979 1215 4067 tempus
1267 3974 1446 4069 legis
1501 3979 1782 4046 naturae
1834 3978 1909 4046 et
1961 3972 2141 4068 legis
2194 3974 2602 4067 scripturae,
2636 3995 2680 4044 ο
2708 3977 2825 4067 fie,
2867 3974 3160 4067 scilicet,
3199 3975 3274 4048 in

928 4091 1177 4165 futuro
1227 4113 1359 4185 per
1414 4099 1649 4165 totum
1704 4100 1993 4187 tempus
2033 4093 2315 4188 gratiae,
2350 4114 2556 4185 oper
2598 4096 2803 4166 l'una
2856 4115 2899 4165 o
2939 4117 3075 4185 per
3109 4098 3276 4168 Γαῖ-

928 4216 1064 4299 trO,
1124 4210 1328 4304 idest,
1381 4230 1511 4305 per
1562 4212 1755 4285 viam
1799 4212 2102 4305 Justitiae
2153 4214 2269 4287 vel
2334 4212 2872 4306 misericordiae,
2927 4220 3042 4285 tra
3093 4218 3138 4287 P
3165 4218 3275 4287 ul-

928 4331 1096 4400 tima
1135 4336 1341 4421 nocte,
1379 4330 1450 4402 in
1479 4326 1554 4422 (¹)
1590 4330 1810 4404 finem
1856 4330 2134 4423 mundi,
2170 4354 2207 4403 e
2237 4334 2293 4405 il
2315 4335 2552 4423 primo
2587 4335 2722 4427 die,
2766 4332 2968 4427 idest,
3007 4333 3275 4427 princi-

1050 4591 1104 4653 (¹)
1136 4590 1198 4640 E.
1230 4602 1261 4639 e
1293 4596 1340 4650 t,
1372 4590 1505 4642 idest
1537 4592 1709 4642 finem.
