3734 5567
1293 486 1568 544 camus
1619 489 1985 543 snmus.
2685 478 2827 544 475

481 634 681 730 pium
738 631 1034 726 mundi,
1071 638 1142 706 et
1186 634 1442 727 pulcre
1476 635 1789 728 appellat
1821 635 2270 708 creationem
2317 633 2568 707 mundi
2606 633 2828 728 diem,

479 757 660 831 idest
726 754 1161 846 claritatem,
1214 754 1785 848 destructionem
1840 775 2019 830 vero
2086 762 2403 847 noctem,
2460 753 2643 828 idest
2692 754 2831 828 ob·-

480 875 927 951 scuritatem.
982 876 1070 947 Et
1120 873 1437 970 assignat
1491 874 1848 948 rationem
1915 874 2028 948 sui
2091 875 2282 967 dicti,
2345 875 2627 949 dicens:
2681 872 2828 967 che‘,

479 996 683 1089 idest,
737 995 934 1088 quia,
974 989 1103 1086 pi&
1154 997 1363 1086 larqo
1417 997 1498 1087 fu
1559 996 1699 1066 Dio
1761 1015 1810 1066 a
1867 997 2009 1067 dar
2069 991 2149 1069 se*
2203 1002 2445 1085 stesso,
2507 994 2826 1069 uniendo

478 1116 925 1189 divinitatem
980 1113 1441 1207 humanitati,
1490 1118 1565 1186 in
1635 1117 1762 1207 far
1837 1117 1882 1187 F
1909 1135 2071 1188 uom
2129 1118 2501 1209 sufficit-me
2554 1137 2602 1187 a
2651 1118 2822 1188 rile-

481 1238 701 1326 varsi,
737 1234 862 1328 qui
900 1255 1029 1328 per
1081 1255 1161 1309 se
1211 1235 1451 1307 solum
1493 1256 1641 1308 non
1683 1240 1971 1329 poterat
2011 1255 2428 1332 resurgere,
2463 1238 2582 1309 che
2614 1238 2828 1327 s’eyli

480 1374 717 1427 averse
763 1357 875 1425 sol
922 1356 1019 1426 da
1069 1350 1150 1427 se*
1194 1356 1520 1445 elimasse,
1557 1353 1760 1447 idest,
1798 1376 2026 1448 quam
2079 1356 2137 1428 si
2190 1357 2390 1429 solus
2424 1357 2622 1430 Deus
2676 1377 2824 1430 non

478 1472 711 1547 factus
762 1474 985 1548 homo
1038 1474 1433 1548 remisisset
1477 1479 1859 1567 peccatum
1898 1475 1991 1549 de
2024 1474 2470 1570 plenitudine
2503 1483 2826 1570 potesta-

479 1593 587 1666 tis,
642 1592 811 1667 Ideo
861 1593 1062 1667 dicit:
1117 1615 1154 1666 e
1204 1597 1350 1666 tutti
1395 1596 1498 1685 912·
1546 1596 1715 1666 altri
1778 1597 1969 1668 modi
2025 1615 2248 1667 erano
2304 1598 2556 1684 scarsi,
2620 1595 2824 1688 idest,

478 1713 809 1788 defectivi
861 1713 955 1787 ad
1008 1714 1586 1809 redemptionem
1623 1707 1696 1806 (¹)
1741 1715 2078 1808 hominis,
2116 1718 2263 1789 alla
2293 1718 2647 1807 muslizia,
2681 1715 2825 1789 sci-

477 1833 667 1925 licet,
721 1833 1005 1927 divinae,
1056 1856 1130 1906 se
1161 1837 1213 1906 'l
1259 1837 1562 1925 Fiyliuol
1607 1837 1682 1908 di
1730 1837 1868 1907 Dio
1918 1856 2065 1907 non
2109 1840 2297 1929 fosse
2361 1838 2673 1908 amiliaco
2724 1840 2827 1910 ad

476 1956 903 2026 incar-narsi.
959 1954 1045 2027 Et
1097 1954 1286 2028 bene
1335 1954 1540 2046 dicit,
1595 1974 1763 2027 nam
1816 1954 1891 2026 in
1943 1954 2442 2029 incarnatione
2485 1955 2825 2049 apparuit

476 2074 795 2169 potentia
825 2075 1080 2167 PatriS,
1108 2074 1456 2169 sapientia
1486 2074 1661 2166 Filii,
1695 2074 2199 2148 benevolentia
2226 2075 2534 2169 Spiritus
2569 2076 2820 2149 sancti.

477 2193 658 2268 Nam
714 2200 1013 2289 peccato
1063 2195 1300 2266 solum
1339 2194 1652 2268 debetur
1703 2214 1921 2286 poena
1973 2194 2376 2268 secundum
2423 2195 2820 2289 justitiam;

476 2320 549 2387 et
601 2313 967 2387 dimittere
1018 2320 1398 2407 peccatum
1455 2314 1849 2388 liberaliter
1884 2314 2040 2386 sine
2083 2335 2300 2407 poena
2353 2320 2514 2388 erat
2564 2320 2818 2388 contra

467 2433 824 2527 justitiam
891 2435 1043 2525 Dei,
1105 2434 1232 2526 qui
1294 2440 1403 2507 est
1462 2455 1757 2508 summe
1805 2435 2078 2529 justuS,
2130 2440 2203 2508 et
2257 2456 2403 2508 non
2453 2435 2824 2510 dimittere

478 2559 637 2625 erat
672 2559 928 2626 contra
966 2548 1538 2627 misericordiam
1576 2554 1735 2628 eius
1771 2554 1897 2647 qui
1927 2561 2035 2627 est
2061 2573 2352 2627 summe
2383 2553 2819 2628 misericors.

635 2677 764 2764 Or,
793 2694 926 2764 per
966 2677 1292 2765 empierti.
1348 2675 1487 2747 Ista
1539 2681 1647 2748 est
1702 2675 1915 2748 tertia
1958 2695 2125 2769 pars
2164 2674 2528 2770 generalis
2563 2674 2635 2746 in
2672 2694 2820 2767 qua

462 2794 765 2869 ·Beatrix
819 2795 1142 2868 declarat
1206 2794 1500 2868 tertium
1564 2794 1897 2889 dubium,
1951 2795 2148 2889 quod
2213 2794 2451 2867 oritur
2514 2814 2606 2868 ex
2669 2813 2822 2867 uno

472 2915 663 2990 dicto
722 2915 1060 3009 superius
1127 2915 1358 3009 posito
1418 2915 1492 2988 in
1556 2916 1919 2990 solutione
1977 2914 2312 2989 secundi:
2380 2915 2555 3006 quia
2624 2913 2817 2986 enim

472 3035 747 3109 dictum
802 3041 911 3108 est
960 3056 1181 3128 supra
1237 3035 1434 3129 quod
1488 3036 1734 3109 omnia
1786 3042 2035 3110 creata
2071 3057 2114 3109 a
2151 3036 2304 3109 Deo
2339 3042 2510 3108 sunt
2543 3044 2818 3111 aeterna

476 3163 549 3230 et
611 3155 1205 3249 incorruptibilia,
1259 3156 1582 3230 declarat
1645 3157 2019 3249 quomodo
2084 3155 2274 3229 istud
2334 3155 2608 3228 dictum
2689 3155 2823 3227 ha-

474 3275 643 3349 beat
696 3275 1102 3349 veritatem.
1142 3275 1228 3348 Et
1282 3276 1448 3348 volo
1502 3282 1573 3348 te
1624 3274 1813 3348 scire
1848 3274 2042 3366 quod
2083 3295 2227 3348 non
2263 3282 2424 3348 erat
2464 3294 2649 3368 opus
2685 3273 2820 3346 ista

475 3393 964 3469 declaratione
993 3394 1127 3487 hic,
1157 3395 1327 3488 quia
1366 3394 1575 3469 litera
1611 3395 1727 3468 illa
1766 3401 1876 3469 est
1910 3395 2082 3468 satis
2109 3395 2306 3468 clara
2336 3414 2469 3487 per
2503 3394 2572 3468 id
2618 3394 2818 3486 quod

473 3513 737 3588 dicitur
785 3515 941 3589 sine
991 3514 1274 3607 medio;
1330 3521 1576 3588 tamen
1628 3522 1848 3589 autor
1900 3514 2067 3588 facit
2118 3514 2329 3592 istam
2386 3514 2820 3588 declaratio-

475 3655 670 3725 nem,
733 3634 906 3726 quia
973 3634 1260 3707 utimur
1324 3636 1687 3709 vocabulo
1754 3633 2143 3708 creationis
2207 3634 2523 3706 multum
2589 3634 2817 3730 large,

471 3754 901 3848 appellando
952 3760 1199 3828 creata
1250 3776 1296 3828 a
1349 3755 1500 3829 Deo
1552 3775 2048 3848 quaecumque
2089 3754 2272 3828 fiunt
2323 3775 2456 3848 per
2505 3773 2818 3849 genera-

470 3874 743 3948 tionem
799 3875 915 3948 vel
968 3875 1538 3968 corruptionem.
1593 3875 1699 3948 Ad
1753 3875 1952 3966 quod
2006 3880 2116 3949 est
2163 3872 2564 3948 notandum
2620 3871 2818 3964 quod

469 3995 666 4069 Deus
717 3994 962 4088 aliqua
1015 4002 1368 4090 operatur
1421 4003 1685 4069 natura
1737 3994 2123 4087 mediante,
2167 3994 2372 4088 idest,
2409 3992 2816 4067 secundum

470 4135 941 4189 communem
997 4137 1303 4190 cursum
1342 4121 1665 4209 naturae3
1703 4120 1776 4190 et
1816 4115 1977 4188 talis
2010 4114 2337 4208 operatio
2385 4135 2530 4186 non
2564 4112 2821 4185 distin-

470 4232 723 4328 guitur
785 4235 880 4307 ab
942 4238 1367 4330 operatione
1419 4242 1727 4327 naturae,
1779 4234 1954 4327 quia
2005 4234 2080 4306 in
2121 4235 2259 4307 boc
2309 4233 2508 4306 Deus
2558 4240 2632 4306 et
2685 4252 2817 4305 na-

476 4360 641 4425 tura
693 4351 912 4425 simul
962 4361 1380 4447 operantur.
1437 4353 1598 4428 Alio
1651 4354 1868 4427 modo
1921 4355 2117 4428 Deus
2160 4359 2510 4447 operatur
2563 4353 2814 4446 aliqua

598 4612 652 4676 (¹)
686 4613 748 4662 E.
782 4614 1175 4675 reparationem.
