3734 5567
1168 507 1446 564 CAN‘rus
1499 511 1881 565 wcsssnuus
1930 511 2216 565 SEXTUS,
2706 500 2845 567 129

499 655 556 725 ,ς’
580 654 795 725 imese
842 654 1164 725 chiamar
1213 657 1489 745 reyina,
1544 655 1716 748 quia
1772 675 1982 730 more
2042 656 2371 730 mulieris
2430 677 2686 751 passus
2738 666 2848 732 est

500 780 863 867 stuprum,
916 779 1168 845 contra
1214 795 1315 863 se,
1368 774 1661 867 scilicet,
1713 796 1757 848 a
1811 775 2159 849 militibus
2196 777 2368 850 suis.
2407 777 2496 850 Et
2528 777 2850 873 assignat

500 912 800 966 causam
856 912 1091 985 quare
1142 892 1255 965 isti
1296 894 1722 969 recedentes
1757 895 1858 970 sic
1900 897 2317 970 clamabant
2357 897 2639 971 dicens:
2671 889 2849 989 perd

499 1015 563 1084 si
579 1018 850 1104 parton
882 1014 1240 1102 arietando
1275 1017 1586 1087 Sodoma
1611 1017 2206 1106 rimproverando
2240 1037 2289 1087 a
2326 1038 2427 1108 se,
2462 1016 2667 1111 idest,
2703 1016 2848 1089 im-

479 1136 979 1227 properantes
1041 1132 1173 1205 sibi
1237 1132 1425 1228 ipsis,
1479 1138 1653 1208 com'
1670 1137 1790 1208 hai
1835 1140 2053 1227 udilo,
2105 1144 2173 1209 et
2219 1139 2461 1210 aiutan
2511 1140 2555 1210 l’
2582 1157 2847 1210 arsura

500 1253 1054 1345 veryoynand05
1104 1253 1313 1345 quasi
1365 1253 1577 1348 dicat,
1617 1254 1815 1349 quod
1856 1255 2079 1329 ardor
2114 1256 2577 1330 verecundiae
2619 1264 2845 1351 auget

498 1371 604 1445 eis
653 1369 998 1445 ardorem
1052 1370 1260 1466 igniS,
1313 1373 1512 1447 unde
1562 1375 2069 1449 erubescentia
2130 1382 2241 1449 est
2300 1376 2404 1450 eis
2468 1396 2735 1471 magna
2768 1368 2843 1467 (⁴)

498 1510 667 1584 pars
719 1509 977 1583 poenae.
1007 1495 1411 1564 -Νοεινο,
1466 1493 1594 1566 Hic
1627 1493 1863 1567 Guido
1905 1493 2318 1568 manifestat
2369 1500 2644 1569 sectam
2696 1494 2845 1589 pri-

497 1630 697 1682 mam
751 1609 823 1682 in
877 1631 1024 1704 qua
1077 1610 1228 1705 ipse
1279 1618 1463 1707 erat,
1498 1619 1572 1686 et
1611 1612 1903 1699 videtur
1943 1614 2190 1688 dicere
2239 1615 2437 1707 quod
2489 1634 2843 1710 peccave-

498 1735 673 1802 runt
732 1738 987 1806 contra
1055 1738 1397 1804 naturam
1458 1733 1746 1828 agendo
1805 1740 1880 1808 et
1940 1734 2298 1828 patiendo.
2367 1735 2518 1808 Hoc
2585 1741 2837 1809 autem

494 1849 667 1923 dicit
717 1851 855 1923 sub
907 1851 1212 1924 honesto
1265 1852 1626 1926 velamine
1660 1853 2089 1947 verborum,
2126 1853 2312 1927 sicut
2338 1854 2495 1948 Jam
2551 1853 2715 1928 fecit
2748 1854 2839 1928 de

493 1970 892 2065 praedictis:
946 1976 1022 2044 et
1071 1971 1592 2046 sententialiter
1626 1973 1919 2047 videtur
1963 1974 2208 2048 dicere
2250 1973 2447 2068 quod
2481 1995 2842 2068 peccave-

496 2095 669 2163 runt
719 2073 1021 2186 gravius
1071 2112 1295 2184 quam
1349 2091 1448 2165 illi
1499 2092 1591 2166 de
1654 2093 1793 2167 alia
1858 2099 2079 2188 secta,
2133 2093 2306 2186 quia
2367 2093 2464 2166 illi
2514 2092 2841 2168 offende-

493 2218 671 2285 runt
720 2215 1065 2283 naturam
1130 2231 1281 2284 uno
1346 2211 1587 2306 mode,
1640 2214 1755 2287 vel
1821 2213 2108 2308 agendo
2175 2219 2486 2308 tantum,
2538 2214 2656 2288 vel
2708 2234 2841 2307 pa-

493 2329 736 2403 tiendo
770 2335 1090 2427 tantum3
1121 2331 1231 2403 isti
1260 2352 1438 2405 vero
1477 2337 1794 2426 utroque
1831 2333 2068 2407 modo.
2107 2333 2292 2407 Dicit
2326 2354 2539 2430 ergo:
2580 2338 2839 2406 Nostro

487 2457 770 2542 peccato
796 2453 880 2544 su
914 2454 1392 2544 ermasrodim.
1432 2452 1539 2525 Ad
1566 2452 1762 2546 quod
1796 2459 1967 2527 nota
2006 2453 2202 2548 quod
2239 2453 2833 2549 hermaphrodita

493 2575 805 2642 vocatur
854 2591 897 2643 a
948 2570 1178 2664 poetis
1229 2570 1347 2645 ille
1399 2572 1524 2665 qui
1577 2572 1797 2647 habet
1847 2579 2255 2667 utrumque
2299 2593 2588 2667 sexum,
2641 2574 2834 2647 scili-

492 2694 632 2783 cet,
678 2690 1162 2793 masculinum
1216 2697 1291 2764 et
1340 2690 1834 2785 foemininum3
1890 2691 2016 2766 sed
2068 2692 2127 2765 si
2181 2691 2415 2787 magis
2465 2692 2836 2767 incalescit

492 2808 563 2881 in
614 2810 1019 2884 masculino
1053 2817 1395 2885 censetur
1433 2812 1839 2904 masculus,
1875 2811 1934 2883 si
1969 2811 2043 2884 in
2078 2809 2454 2884 foeminino
2491 2810 2832 2901 soemina3

491 2931 687 3006 unde
737 2931 795 3004 si
849 2931 1012 3025 quis
1064 2937 1317 3005 utatur
1370 2938 1686 3025 utroque
1727 2932 2038 3027 jubetur
2091 2932 2403 3007 cremari
2437 2923 2510 3022 (²)
2551 2952 2685 3026 per
2728 2932 2836 3006 le-

489 3070 638 3146 ges».
676 3052 889 3126 Modo
926 3051 1517 3146 hermaphrodita
1550 3051 1959 3147 appellatur
1995 3051 2109 3124 hic
2148 3052 2679 3147 transumptive
2713 3053 2837 3127 ille

491 3170 618 3264 qui
668 3172 818 3266 agit
867 3176 940 3245 et
997 3170 1269 3265 patitur
1333 3171 1670 3264 indebite,
1725 3178 1797 3245 et
1863 3171 2084 3245 talem
2150 3178 2365 3244 vocat
2413 3171 2832 3266 bestialem3

493 3290 687 3365 unde
735 3291 935 3365 dicit:
991 3313 1111 3364 ma
1156 3287 1412 3384 perche*
1455 3313 1595 3364 non
1647 3311 2044 3364 servammo
2089 3311 2355 3364 umana
2402 3294 2620 3385 leqye,
2663 3313 2832 3385 quae

487 3412 646 3483 vult
697 3410 894 3504 quod
944 3411 1249 3485 masculi
1300 3416 1524 3506 agant
1573 3416 1647 3484 et
1686 3411 2008 3507 gignant,
2051 3417 2126 3485 et
2167 3411 2515 3485 mulieres
2551 3411 2834 3507 patian-

488 3536 634 3624 tur,
686 3530 1113 3625 concipiant,
1167 3536 1239 3603 et
1290 3530 1596 3624 pariant,
1646 3533 1996 3621 sequendo
2046 3552 2237 3603 come
2279 3532 2492 3604 bestia
2544 3534 2589 3603 ι’
2616 3551 2834 3624 appe-

489 3651 632 3741 tito,
685 3649 839 3723 sine
891 3648 1173 3723 ratione
1222 3635 1570 3743 humana,
1620 3670 1751 3741 per
1801 3653 1923 3722 noi
1969 3652 2033 3721 si
2083 3653 2276 3741 leyye
2331 3654 2407 3722 in
2456 3651 2833 3724 obbrobrio

489 3772 563 3842 di
592 3773 714 3845 noi
744 3772 1029 3861 quando
1070 3773 1472 3862 partiamei,
1527 3769 1820 3862 scilicet,
1871 3768 1966 3842 ab
2016 3769 2171 3842 aliis
2222 3769 2523 3843 alterius
2589 3778 2829 3865 sectae,

487 3891 543 3962 il
586 3911 789 3963 nome
837 3892 913 3962 di
959 3893 1152 3981 colei,
1191 3889 1480 3982 scilicet,
1533 3888 1943 3983 PasiphaeS,
1985 3894 2066 3960 ut
2126 3887 2359 3981 patuit
2407 3908 2657 3982 supra,
2708 3892 2831 3962 che

487 4013 544 4082 s'
566 4002 898 4102 imbestid,
952 4009 1221 4086 faciens
1270 4031 1351 4084 se
1412 4029 1740 4104 vaccam,
1779 4009 1819 4051 '¹‘
1843 4011 2019 4081 nelle
2076 4008 2452 4080 imbestiate
2499 4010 2789 4099 scheyye
2801 4034 2834 4102 ,-

490 4150 657 4224 quae
706 4137 877 4205 sunt
928 4132 1154 4205 stellae
1205 4131 1599 4227 lignorum,
1653 4129 1825 4223 quia
1879 4128 2177 4203 intravit
2216 4147 2516 4202 vaccam
2546 4126 2585 4171 *
2617 4119 2691 4221 (³)
2744 4129 2837 4202 li-

487 4270 779 4346 gneam.
823 4251 911 4324 Et
942 4250 1217 4324 Plinius
1251 4250 1420 4324 dicit
1455 4249 1649 4343 quod
1685 4248 2111 4324 Semiramis
2144 4247 2514 4324 adamavit
2548 4267 2829 4344 equum

494 4390 732 4464 usque
765 4369 857 4444 ad
899 4370 1223 4444 coitum:
1288 4377 1363 4443 et
1415 4368 1602 4443 forte
1651 4368 1790 4442 sub
1841 4369 2140 4443 nomine
2188 4368 2578 4463 Pasiphaes
2615 4376 2830 4464 poeta

612 4556 668 4619 (¹)
698 4557 762 4607 Ε.
796 4559 1034 4607 maxima.
1571 4551 1629 4617 (²)
1663 4555 1723 4605 E.
1757 4556 2012 4607 comburi.

613 4633 666 4695 (')
696 4635 770 4685 Le
800 4634 980 4698 parole
1012 4633 1094 4685 fra
1124 4635 1142 4685 i
1174 4634 1276 4684 due
1308 4633 1572 4685 asterischi
1605 4646 1698 4683 son
1729 4632 1955 4695 supplite
1986 4632 2069 4682 dai
2102 4631 2273 4683 codici
2306 4632 2521 4681 Estense
2552 4643 2583 4680 e
2617 4633 2725 4680 117.

753 4740 832 4785 IV.
2537 4737 2563 4777 ⁹
