3734 5567
885 468 1026 533 278
1470 529 1481 542 ,
1608 474 2017 530 COMENTUM
2065 474 2512 530 PuRGA'roRn

880 629 1003 696 tur
1054 622 1128 694 in
1178 625 1487 716 petram,
1552 619 1761 712 quasi
1831 618 2043 714 dicat,
2116 618 2249 692 nisi
2312 637 2517 692 mens
2575 623 2703 691 tua
2754 618 2985 692 labilis
3035 626 3226 694 esset

882 740 1254 816 saxificata
1294 760 1385 815 eo
1437 738 1658 812 modo
1694 758 1843 832 quo
1885 758 2081 832 aqua
2122 738 2329 811 Elsae.
2380 736 2488 810 Ad
2530 736 2726 830 quod
2777 738 2977 812 clare
3007 729 3081 830 (¹)
3117 739 3228 812 in-

884 859 1354 957 telligendum
1390 859 1559 932 volo
1595 863 1668 932 te
1701 858 1912 952 scire,
1951 857 2149 951 quod
2183 857 2370 931 sicut
2404 855 2651 930 scribit
2684 855 2958 930 Plinius
2986 856 3058 929 in
3095 878 3229 932 na-

879 968 1101 1053 turali
1151 977 1449 1052 historia
1500 977 1688 1051 libro
1739 977 2074 1073 septimo,
2109 982 2184 1053 et
2217 976 2495 1051 Seneca
2539 975 2726 1049 libro
2774 977 3222 1050 naturalium

880 1099 1393 1195 quaestionum,
1446 1103 1731 1171 naturae
1770 1104 1845 1172 et
1885 1096 2368 1192 proprietates
2400 1116 2769 1189 aquarum
2805 1101 2979 1169 sunt
3013 1097 3224 1172 valde

881 1219 1106 1293 variae
1157 1225 1231 1293 et
1281 1218 1650 1293 mirabiles
1700 1218 1774 1291 in
1832 1217 2137 1293 diversis
2194 1216 2521 1312 partibus
2587 1214 2882 1309 mundi3
2946 1218 3073 1291 sed
3133 1239 3229 1293 ne

886 1339 1148 1415 vadam
1200 1359 1331 1433 per
1381 1338 1732 1434 ambages
1782 1338 2000 1434 longe
2034 1358 2078 1411 a
2119 1336 2489 1431 proposito
2521 1336 2597 1408 in
2631 1335 2832 1410 ltalia
2871 1336 2943 1408 in
2980 1337 3228 1410 multis

881 1458 1059 1533 locis
1111 1463 1282 1531 sunt
1342 1476 1559 1549 aquae
1616 1477 1785 1549 quae
1849 1463 2244 1531 vertuntur
2309 1454 2383 1527 in
2446 1454 2718 1550 lapides
2776 1453 2965 1529 sicut
3032 1476 3226 1548 aqua

883 1577 1203 1651 fluminis
1252 1576 1487 1669 Sarni,
1541 1594 1711 1670 quae
1759 1574 2206 1670 a‘principio
2257 1573 2371 1648 sui
2420 1582 2629 1648 ortus
2681 1574 3000 1649 efficitur
3050 1576 3228 1670 lapis

881 1698 1316 1773 durissimus
1365 1696 1439 1769 in
1492 1695 1731 1770 brevi:
1788 1695 1983 1769 unde
2033 1694 2289 1769 incolae
2338 1694 2475 1768 loci
2533 1694 2627 1769 de
2690 1695 3045 1770 industria
3095 1716 3228 1790 po-

884 1825 1069 1893 nunt
1117 1817 1214 1891 ibi
1266 1817 1404 1891 sub
1454 1836 1652 1909 aqua
1705 1815 1990 1889 tabulas
2040 1835 2214 1888 cum
2267 1814 2487 1888 variis
2538 1814 2789 1889 formis
2841 1822 2915 1890 et
2951 1814 3226 1911 figuriS,

882 1959 1105 2034 super
1156 1937 1424 2032 quibus
1476 1935 1660 2009 fiunt
1710 1933 1984 2030 lapides
2034 1956 2207 2009 cum
2269 1935 2541 2010 eisdem
2606 1935 3225 2030 impressionibus,

880 2060 1005 2132 Est
1054 2061 1304 2132 autem
1360 2055 1476 2128 hic
1526 2054 1794 2128 fluvius
1844 2054 1917 2126 in
1967 2053 2251 2148 Apulia,
2304 2060 2379 2128 et
2437 2074 2583 2127 non
2635 2060 2745 2128 est
2789 2053 3034 2129 Arnus
3083 2055 3228 2128 Tu-

886 2178 1076 2271 sciae,
1130 2176 1317 2249 sicut
1368 2174 1667 2268 quidam
1718 2173 1897 2247 salse
1949 2174 2416 2269 scripserunt,
2462 2174 2650 2248 sicut
2681 2174 3064 2268 Horosius;
3101 2176 3227 2250 sed

885 2302 995 2371 est
1036 2294 1223 2368 alius
1259 2292 1527 2367 fluvius
1559 2292 1633 2364 in
1667 2291 1925 2365 Tuscia
1963 2291 2036 2364 in
2068 2312 2253 2387 agro
2287 2292 2672 2367 florentino
2717 2293 3015 2369 nomine
3042 2295 3225 2388 Elsa,

884 2416 1097 2491 cuius
1145 2434 1341 2507 aqua
1391 2433 1436 2486 a
1477 2411 1825 2507 principio
1878 2412 2332 2487 convertitur
2381 2412 2456 2486 in
2491 2419 2803 2508 petram,
2845 2420 2922 2488 et
2958 2414 3231 2509 lapides

887 2536 1183 2632 pulcros
1233 2532 1403 2607 facit
1450 2532 1965 2606 accommodos
1998 2531 2337 2606 domibus
2361 2534 2578 2627 juxta
2612 2534 2993 2609 castellum
3032 2532 3229 2628 quod

883 2654 1150 2729 dicitur
1184 2653 1403 2748 Colle,
1433 2652 1619 2725 sicut
1649 2641 1723 2743 (²)
1762 2651 1835 2724 in
1872 2672 2067 2746 aqua
2101 2651 2333 2726 Sarni.
2370 2652 2712 2727 Alhertus
2752 2659 3005 2729 autem
3042 2655 3230 2729 libro

884 2772 1340 2847 Mineralium
1389 2771 1564 2845 dicit
1615 2770 2019 2843 mirabilius
2069 2771 2163 2845 de
2210 2791 2408 2866 aqua
2450 2771 2664 2845 fontis
2713 2773 3011 2867 Beotiae,
3061 2794 3230 2868 quae

884 2893 1132 2967 omnia
1183 2892 1504 2965 immissa
1557 2889 1775 2965 vertit
1807 2880 1882 2981 (³)
1935 2891 2009 2962 in
2067 2889 2417 2985 lapidem3
2469 2891 2665 2984 quod
2719 2899 3069 2988 expertus
3120 2901 3230 2968 est

886 3011 1301 3086 Fridericus
1335 3011 1736 3106 imperator
1772 3008 2068 3083 mittens
2100 3010 2597 3085 chirothecam
2633 3033 2845 3087 suam
2877 3001 2976 3107 (⁴),
3019 3014 3230 3088 cuius

887 3130 1242 3204 medietas
1294 3150 1540 3204 mersa
1606 3129 1680 3202 in
1742 3129 1942 3202 illam
1994 3149 2267 3222 aquam
2320 3150 2535 3205 versa
2586 3136 2695 3206 est
2756 3130 2829 3204 in
2891 3132 3226 3227 lapidem,

888 3248 1172 3342 reliqua
1224 3253 1432 3341 parte
1496 3246 1735 3321 media
1805 3254 2236 3322 remanente
2302 3247 2376 3320 in
2437 3249 2673 3343 prima
2728 3251 3039 3325 materia
3089 3257 3225 3325 etc.

885 3369 1080 3463 Ergo
1130 3367 1319 3441 bene
1353 3371 1567 3461 poeta
1601 3365 1807 3439 dicit:
1854 3366 1990 3440 nisi
2032 3375 2159 3442 tua
2195 3369 2476 3443 vanitas
2510 3370 2764 3445 fuisset
2800 3372 2960 3445 talis
2994 3372 3229 3465 qualis

885 3507 1082 3582 aqua
1130 3487 1333 3560 Elsae.
1377 3486 1561 3560 Dicit
1601 3506 1819 3581 ergo:
1860 3507 1899 3558 e
1924 3489 1977 3559 ’l
2007 3491 2251 3579 piacer
2290 3491 2475 3579 lor0,
2516 3489 2699 3564 idest
2734 3490 2870 3564 nisi
2910 3490 3232 3566 delecta-

889 3607 988 3680 tio
1046 3627 1398 3680 curarum
1458 3626 1820 3708 vanarum
1892 3605 2164 3701 fuisset,
2225 3630 2321 3682 zm
2389 3613 2708 3701 Pirama,
2769 3610 2975 3704 idest,
3036 3612 3224 3686 alter

885 3725 1271 3820 Pyramus,
1333 3728 1479 3799 alla
1548 3729 1769 3817 yelsa,
1835 3726 2040 3820 idest,
2127 3727 2221 3800 ad
2304 3728 2652 3805 arborem
2722 3731 2936 3826 mori,
3014 3731 3226 3806 cuius

885 3865 1106 3940 poma
1154 3845 1320 3918 alba
1372 3845 1729 3920 convertit
1780 3845 1853 3918 in
1907 3846 2139 3923 rubea
2199 3847 2494 3939 quando
2553 3869 2635 3922 se
2692 3849 2954 3925 occidit
3004 3871 3232 3924 manu

886 3965 1179 4060 propria
1248 3985 1505 4040 amore
1556 3964 1849 4060 TysbeS,
1922 3966 2109 4040 sicut
2173 3966 2386 4060 plene
2435 3969 2788 4064 scriptum
2840 3974 2952 4042 est
3001 3990 3224 4065 supra

888 4085 1207 4179 capitulo
1241 4084 1517 4157 XXVII.
1574 4085 1661 4156 Et
1713 4090 1822 4159 est
1871 4084 2142 4179 optima
2188 4085 2621 4182 similitudo;
2659 4108 2826 4160 nam
2870 4088 3231 4185 Pyramus

889 4202 1306 4276 obcaecatus
1357 4202 1583 4276 nimio
1633 4224 1892 4278 amore
1941 4203 2192 4300 Tysbis
2254 4205 2609 4282 interfecit
2659 4228 2776 4302 se3
2830 4215 2904 4282 et
2961 4209 3231 4284 Dantes

888 4327 1268 4396 amoratus
1334 4322 1823 4416 pulcritudine
1890 4346 2273 4399 musarum
2342 4327 2435 4402 ad
2506 4334 2799 4423 tempus
2865 4329 3230 4405 occiderat

1013 4505 1070 4568 (¹)
1102 4506 1162 4555 B·
1194 4517 1331 4554 sane.
2018 4506 2076 4573 (¹)
2108 4510 2168 4560 Ε.
2202 4511 2337 4560 sicut
2367 4516 2421 4561 et
2451 4525 2598 4576 aqua.

1013 4580 1067 4643 (⁸)
1099 4584 1208 4640 ¹1⁷»
1242 4583 1510 4632 convertit·
2021 4585 2074 4648 (⁸)
2108 4585 2169 4635 Ε.
2202 4599 2348 4636 suam
2382 4586 2434 4636 in
2466 4602 2547 4650 eo,
2582 4588 2747 4639 cuius.
