3734 5567
866 490 1008 557 364
1647 492 2061 549 οοΜΕΝΤυΜ
2110 490 2444 544 ΡΑΒΑυιει

863 650 1038 722 bent
1088 645 1409 719 colorem
1462 641 1668 715 velut
1716 638 1775 712 si
1825 657 2052 733 parva
2102 636 2229 710 lux
2280 640 2704 730 penetraret
2760 633 2834 707 in
2888 633 3206 707 multum

861 768 1139 859 album,
1190 763 1355 837 ideo
1405 761 1639 835 nitent
1687 779 1859 834 cum
1914 764 2161 833 tamen
2211 756 2353 830 sint
2386 755 2607 850 albae3
2643 754 2809 830 ideo
2842 755 3031 830 bene
3063 776 3205 830 au-

866 893 980 962 tor
1029 882 1451 960 assimilavit
1500 882 1748 955 lunam
1804 877 2225 974 margaritae
2260 876 2333 948 in
2376 874 2814 969 praecedenti
2865 875 3203 972 capitulo.

862 1045 962 1059 --
988 1005 1231 1079 Percle'
1254 1007 1345 1076 io,
1398 1001 1529 1076 Hic
1575 1001 1843 1075 Dantes
1895 997 2206 1073 ostendit
2271 996 2445 1091 quid
2511 1001 2849 1070 secutum
2912 1003 3026 1071 est
3072 996 3205 1070 sibi

865 1146 957 1200 ex
1017 1120 1436 1198 huiusmodi
1495 1120 1791 1194 visione.
1854 1119 1944 1192 Et
2001 1117 2171 1192 dicit
2232 1115 2579 1210 breviter,
2650 1116 2846 1209 quod
2913 1137 3006 1191 ex
3068 1118 3207 1191 boc

865 1248 1019 1343 ipse
1068 1242 1374 1319 incurrit
1422 1261 1757 1316 errorem
1809 1238 2265 1315 contrarium
2326 1237 2565 1312 errori
2613 1237 2966 1311 Narcissi:
3019 1238 3204 1311 Nar-

866 1367 1096 1441 cissus
1137 1364 1331 1438 enim
1365 1360 1669 1436 credidit
1700 1380 1910 1435 suam
1949 1357 2342 1454 imaginem
2388 1361 2858 1451 apparentem
2897 1356 2971 1430 in
3006 1357 3203 1431 fonte

868 1505 1030 1561 esse
1082 1502 1331 1559 veram
1387 1479 1909 1573 substantiam3
1961 1483 2036 1552 et
2085 1479 2353 1551 Dantes
2388 1497 2585 1551 nunc
2636 1496 2681 1551 e
2731 1482 2987 1552 contra
3037 1497 3202 1552 cre—

866 1605 1082 1681 debat
1148 1602 1587 1677 substantias
1650 1620 1888 1693 veraS‚
1950 1618 2118 1692 quae
2168 1597 2620 1692 apparebant
2670 1597 2743 1669 in
2795 1598 2992 1692 luna,
3042 1617 3202 1671 esse

866 1723 1218 1821 imagines
1271 1742 1521 1796 rerum
1579 1724 2270 1815 repraesentatarum
2335 1717 2408 1791 in
2469 1737 2579 1791 ea.
2632 1718 2721 1791 Et
2770 1718 2863 1791 ad
2912 1717 3201 1813 plenam

863 1841 1410 1939 intelligentiam
1464 1840 1667 1913 istius
1711 1839 1942 1913 literae
1978 1844 2089 1912 est
2120 1837 2361 1933 primo
2394 1836 2771 1911 sciendum
2808 1837 3005 1931 quod
3037 1837 3206 1911 Thi-

864 1962 1089 2038 resias
1139 1960 1311 2035 olim
1366 1958 1890 2033 famosissimus
1940 1978 2185 2053 augur
2230 1956 2307 2030 in
2342 1956 2636 2031 civitate
2674 1957 3094 2031 Thebarum
3129 1957 3202 2031 in

865 2081 1012 2156 vita
1063 2080 1263 2155 visus
1312 2085 1423 2153 est
1471 2078 1649 2152 dare
1712 2098 1891 2152 vera
1951 2096 2297 2171 responsa
2366 2077 2779 2172 petentibus
2839 2077 3035 2151 circa
3087 2077 3206 2151 fu-

867 2205 1060 2293 tura,
1113 2205 1196 2272 ut
1245 2203 1442 2292 patet
1493 2217 1622 2291 per
1674 2195 1986 2270 Statium
2040 2196 2112 2269 in
2162 2197 2254 2271 IV
2305 2203 2380 2271 et
2428 2197 2499 2269 in
2534 2197 2602 2270 X
2652 2197 3079 2293 Thebaidos,
3130 2205 3205 2273 et

865 2323 1028 2414 post
1078 2322 1394 2390 mortem
1447 2315 1812 2409 similiter3
1871 2315 2063 2390 unde
2124 2317 2490 2391 Homerus
2541 2318 2636 2390 XI
2696 2317 3036 2414 Odysseae
3094 2319 3204 2392 in-

865 2438 1063 2513 ducit
1113 2436 1511 2510 Tbiresiam
1562 2435 1636 2508 in
1688 2436 1974 2511 inferno
2023 2457 2197 2510 cum
2242 2458 2474 2512 aureo
2510 2444 2796 2533 sceptro
2845 2437 2920 2511 in
2975 2459 3201 2513 manu

867 2562 1340 2653 apparentem
1393 2554 1602 2651 Ulyxi
1653 2555 2055 2651 praedicere
2086 2548 2158 2650 (¹)
2215 2557 2348 2631 sibi
2412 2558 2645 2633 multa
2696 2558 2790 2633 de
2837 2559 3202 2654 periculis,

865 2677 1235 2752 laboribus
1286 2680 1360 2749 et
1412 2682 1653 2749 morte
1702 2676 1883 2749 eius.
1937 2676 2169 2772 Igitur
2205 2676 2529 2771 primum
2574 2677 2995 2752 vaticinium
3034 2678 3205 2752 Thi-

866 2797 1075 2872 resiae
1126 2795 1260 2868 fuit
1309 2795 1401 2870 de
1433 2794 1790 2889 Narcisso,
1827 2795 1956 2888 qui
1993 2800 2205 2870 natus
2228 2787 2303 2887 (²)
2340 2796 2414 2869 in
2452 2796 2754 2891 Graecia,
2790 2817 2979 2892 puer
3015 2798 3203 2873 mire

863 2916 1250 3009 formosuS‚
1285 2916 1379 2990 de
1418 2936 1568 3009 quo
1610 2922 1848 2989 mater
1883 2916 2180 2990 nomine
2216 2916 2505 3011 Liriope
2555 2918 2922 2991 consuluit
2967 2918 3201 3013 illum,

866 3041 1116 3108 utrum
1175 3034 1363 3107 filius
1411 3039 1606 3109 esset
1643 3034 1976 3108 victurus
2014 3056 2249 3129 usque
2282 3035 2374 3110 ad
2411 3043 2743 3130 tempora
2775 3038 3202 3113 senectutis:

865 3153 989 3248 qui
1045 3152 1412 3247 respondit
1461 3153 1658 3246 quod
1709 3153 1811 3228 sic
1853 3153 1910 3227 si
1950 3174 2095 3228 non
2131 3162 2610 3251 cognosceret
2646 3177 2726 3231 se
2761 3157 3022 3251 ipsum.
3060 3158 3207 3233 Re-

867 3273 1155 3369 sponsio
1206 3273 1361 3347 visa
1411 3280 1521 3347 est
1570 3293 1761 3348 vana
1812 3280 1887 3348 et
1928 3274 2078 3347 risu
2115 3274 2370 3372 digna3
2407 3283 2656 3351 tamen
2692 3285 3002 3353 eventus
3036 3298 3207 3374 pro-

862 3393 1061 3468 bavit
1110 3392 1493 3467 veritatem
1536 3392 1662 3467 rei.
1701 3395 1881 3467 Nam
1919 3394 2298 3469 Narcissus
2330 3394 2564 3470 factus
2595 3396 2891 3491 juvenis
2940 3397 3206 3473 sexde-

864 3513 1007 3587 cim
1060 3532 1425 3587 annorum
1479 3534 1748 3609 magno
1798 3513 2039 3587 studio
2089 3513 2309 3587 dabat
2350 3534 2652 3609 operam
2691 3516 3062 3591 venationi
3085 3507 3202 3610 (³):

864 3633 1120 3707 accidit
1190 3653 1370 3730 ergo
1437 3633 1667 3708 semel
1717 3633 1914 3727 quod
1947 3621 2020 3725 (⁴)
2086 3633 2468 3707 Narcissus
2534 3635 2765 3709 fessus
2821 3635 3069 3712 calore
3130 3643 3206 3712 et

863 3754 1117 3829 labore
1166 3753 1499 3849 pervenit
1547 3752 1638 3827 ad
1691 3753 1967 3828 fontem
2001 3752 2523 3827 lucidissimum
2552 3746 2623 3848 (¹³)
2662 3755 2736 3828 in
2768 3756 2932 3830 loco
2963 3778 3199 3831 amoe-

863 3873 1181 3968 nissimO,
1234 3880 1310 3948 et
1359 3873 1710 3947 inclinans
1760 3894 1841 3947 se
1890 3872 1981 3947 ad
2037 3872 2307 3947 undam
2373 3872 2591 3947 fontis
2657 3874 2748 3948 ad
2807 3875 3200 3951 sedandam

861 3995 1052 4070 sitim
1107 3996 1404 4069 invasus
1454 4000 1565 4069 est
1613 3994 1706 4068 ab
1742 3992 1884 4067 alia
1932 3993 2046 4067 siti
2090 3993 2377 4088 peiore3
2418 3996 2792 4090 quoniam,
2831 3996 2985 4071 visa
3016 3996 3205 4070 ima-

858 4114 1029 4211 gine
1080 4136 1216 4189 sua
1276 4113 1716 4210 pulcerrima
1769 4113 1843 4186 in
1912 4134 2129 4208 aqua,
2186 4121 2457 4209 putans
2522 4136 2685 4191 esse
2734 4137 2896 4191 rem
2947 4137 3203 4192 veram

861 4254 1007 4307 non
1059 4234 1431 4329 umbram,
1465 4240 1722 4329 captus
1756 4239 1866 4308 est
1906 4253 2165 4308 amore
2198 4233 2337 4327 sui,
2372 4241 2448 4309 et
2480 4236 2702 4331 coepit
2735 4236 2987 4311 mirari
3022 4257 3209 4311 ocu-

862 4352 971 4427 los
1019 4372 1194 4425 suos
1243 4352 1368 4445 qui
1411 4352 1847 4427 videbantur
1887 4351 2036 4426 duo
2085 4351 2351 4448 sidera,
2393 4355 2689 4449 capillos
2742 4376 3035 4451 aureos,
3078 4355 3207 4451 qui

988 4538 1043 4601 (¹)
1075 4538 1137 4588 E.
1169 4542 1224 4588 et
1256 4539 1556 4601 praedlcere.
1866 4535 1922 4602 (⁸)
1956 4538 2019 4588 E.
2050 4543 2201 4589 natus
2231 4544 2311 4591 est
2342 4540 2412 4591 iu.
2652 4539 2708 4606 (⁸)
2738 4541 2803 4592 Ε.
2835 4541 3206 4594 venationibus.

987 4613 1043 4678 (⁸)
1074 4615 1138 4664 E.
1168 4615 1309 4679 quod
1337 4617 1445 4678 ipae
1478 4615 1760 4667 Narcissus.
1863 4616 1919 4678 (⁸)
1952 4615 2013 4666 E.
2046 4615 2296 4667 lucidum.
