3734 5567
921 509 1063 578 356
1707 514 2117 570 commum
2163 516 2494 569 PARAmsl

918 664 1254 738 nionem:
1308 667 1381 735 et
1431 658 1722 734 videtur
1772 659 2047 734 babere
2099 659 2305 734 istam
2362 658 2801 755 opinionem,
2839 661 3036 756 quod
3087 661 3261 737 luna

920 784 1183 858 babeat
1234 782 1308 856 in
1358 802 1438 855 se
1489 800 1582 854 ex
1625 778 1740 853 sui
1770 772 1841 871 (¹)
1887 786 2148 854 natura
2189 801 2233 854 a
2270 781 2505 876 primo
2539 781 2796 856 datore
2846 787 2919 856 et
2971 788 3263 856 motore

915 905 1129 978 istam
1185 902 1554 976 maculam
1606 899 2040 991 nubilosam,
2080 900 2251 994 quia
2304 907 2413 976 est
2465 901 2699 976 vicina
2736 909 2978 996 terrae,
3016 909 3089 976 et
3133 902 3265 976 ba-

916 1024 1041 1099 bet
1093 1022 1417 1096 maxime
1471 1038 1771 1094 movere
1821 1019 1957 1094 ista
2008 1019 2352 1095 inferiora
2416 1026 2488 1094 et
2551 1021 2871 1096 alterare
2921 1022 3014 1095 de
3062 1022 3261 1095 claro

915 1143 994 1217 in
1045 1143 1447 1217 obscurum
1500 1147 1573 1214 et
1624 1158 1668 1214 e
1716 1160 2095 1214 converso.
2132 1140 2221 1214 Et
2260 1140 2551 1215 videtur
2584 1141 2830 1216 dicere
2867 1141 3261 1215 sententia-

917 1263 1083 1339 liter
1132 1263 1207 1336 in
1257 1262 1477 1357 longo
1526 1261 1886 1354 discursu,
1923 1260 2119 1354 quod
2161 1261 2480 1355 primum
2536 1261 2806 1336 coelum
2856 1261 3072 1336 estin
3107 1281 3262 1335 coe-

918 1382 1218 1457 lestibus
1269 1381 1454 1455 sicut
1502 1400 1632 1454 cor
1666 1380 1738 1452 in
1782 1380 2154 1474 membriS,
2193 1387 2268 1455 et
2300 1380 2534 1456 virtus
2571 1381 2831 1476 primae
2870 1402 3113 1455 causae
3147 1387 3259 1455 est

917 1503 992 1577 in
1044 1501 1461 1576 coelestibus
1501 1500 1700 1574 sicut
1749 1500 1983 1574 virtus
2034 1500 2269 1574 cordis
2317 1501 2391 1574 in
2442 1501 2906 1596 corporibus:
2950 1507 3024 1576 et
3073 1501 3260 1575 sicut

918 1621 1260 1715 quaelibet
1288 1620 1623 1695 membra
1649 1620 1919 1694 babent
1945 1619 2277 1715 proprias
2303 1620 2613 1695 virtutes
2641 1620 2714 1693 in
2739 1621 2993 1694 sitibus
3023 1641 3260 1695 mem-

917 1742 1226 1815 brorum
1281 1740 1416 1815 sibi
1465 1739 2007 1835 determinataS,
2061 1740 2158 1814 ita
2211 1740 2582 1834 quodlibet
2631 1741 2904 1815 coelum
2946 1746 3019 1816 et
3053 1760 3261 1835 quae-

917 1862 1092 1936 libet
1143 1862 1346 1937 stella
1399 1860 1474 1934 in
1533 1860 1788 1935 sitibus
1851 1860 2003 1934 suis
2066 1862 2336 1936 habent
2396 1860 2726 1956 proprias
2790 1861 3136 1956 virtutes3
3188 1868 3261 1937 et

917 1982 1107 2056 sicut
1157 1987 1308 2055 tota
1360 1980 1752 2054 multitudo
1805 1980 2126 2054 refertur
2185 1980 2275 2054 ad
2341 2001 2571 2053 unum
2636 1980 2955 2076 primum
3027 2002 3262 2056 mem-

917 2103 1143 2176 brum
1194 2100 1678 2194 compositum
1734 2119 1827 2173 ex
1882 2106 2170 2174 motore
2203 2106 2278 2175 et
2312 2100 2560 2174 mobili
2604 2100 2650 2146 *
2677 2101 2749 2174 in
2799 2101 3259 2194 animalibus»,

920 2218 1118 2313 quod
1169 2223 1277 2293 est
1328 2238 1479 2312 cor,
1533 2217 1631 2292 ita
1683 2217 1755 2291 in
1807 2217 2225 2293 coelestibus
2286 2225 2438 2294 tota
2503 2219 2892 2296 multitudo
2944 2221 3261 2296 refertur

918 2338 1011 2413 ad
1061 2358 1296 2411 unum
1351 2337 1545 2431 quod
1598 2343 1707 2411 est
1756 2339 2028 2411 coelum
2080 2337 2402 2433 primum
2438 2340 2919 2436 compositum
2964 2361 3057 2415 ex
3094 2361 3259 2415 mo·-

920 2464 1085 2532 tore
1138 2465 1213 2532 et
1263 2456 1575 2531 mobili*
1604 2447 1700 2548 (¹).
1756 2458 1965 2532 Nunc
1996 2458 2108 2531 ‘ad
2157 2457 2444 2534 literam
2506 2460 2675 2535 dicit
2733 2461 3025 2536 Beatrix
3078 2462 3257 2536 inci-

917 2578 1126 2674 piens
1177 2599 1221 2652 a
1271 2577 1510 2674 primo
1560 2577 1784 2651 coelo:
1831 2582 1936 2650 Un
1985 2600 2229 2671 οοηὶο,
2281 2579 2570 2676 scilicet,
2606 2581 2930 2677 primum
2986 2581 3252 2656 mobile

916 2700 1072 2774 sive
1122 2718 1335 2794 spera
1388 2718 1604 2792 nona,
1654 2701 1841 2771 nella
1889 2701 2001 2772 cui
2038 2701 2285 2772 virtute
2333 2702 2381 2772 ι’
2405 2721 2619 2792 essem,
2670 2701 2873 2794 idest,
2919 2700 3088 2796 vita,
3141 2720 3258 2775 es-

918 2819 1170 2913 sentia,
1223 2821 1298 2892 di
1346 2826 1511 2892 lutto
1560 2839 1688 2891 suo
1728 2825 2072 2910 contento,
2109 2819 2313 2913 idest,
2349 2821 2681 2894 omnium
2725 2842 3107 2916 sperarum
3145 2821 3258 2895 in-

916 2940 1268 3014 feriorum
1326 2960 1492 3033 quae
1542 2940 1680 3013 sub
1732 2959 1823 3014 eo
1856 2939 2345 3033 continentur,
2398 2942 2622 3033 aiace,
2663 2940 2869 3034 idest,
2911 2941 3255 3036 consistit,

914 3064 978 3133 si
1024 3064 1214 3151 θῖνα,
1268 3059 1472 3153 idest,
1526 3059 1866 3153 volvitur,
1937 3062 2184 3133 dencro
2233 3063 2360 3133 dal
2396 3063 2524 3134 ciel
2555 3063 2740 3134 della
2779 3064 3025 3135 divina
3048 3082 3257 3155 pace,

918 3179 1126 3273 idest,
1165 3178 1354 3252 intra
1390 3178 1659 3252 coelum
1706 3198 2141 3274 empyreum
2181 3180 2513 3272 quietum
2553 3180 2748 3273 quod
2783 3201 3042 3256 omnes
3076 3180 3256 3255 alios

918 3297 1489 3393 comprehendit.
1527 3299 1612 3371 Et
1648 3319 1792 3372 non
1829 3300 1987 3373 vult
2019 3299 2216 3373 aliud
2250 3300 2517 3393 dicere,
2553 3300 2688 3373 nisi
2726 3301 2922 3394 quod
2957 3301 3031 3376 in
3072 3301 3259 3377 coelo

919 3438 1115 3492 nono
1165 3416 1573 3491 virtualiter
1625 3422 1735 3491 est
1783 3438 2006 3492 causa
2058 3418 2393 3492 omnium
2446 3418 2845 3493 effectuum
2911 3419 3039 3514 qui
3089 3427 3260 3494 sunt

920 3537 1107 3611 infra
1160 3536 1421 3631 ipsum,
1456 3543 1532 3611 et
1570 3536 1664 3611 ab
1714 3536 1867 3632 ipso
1920 3536 2245 3632 procedit
2278 3557 2440 3613 esse
2472 3538 2805 3612 omnium
2855 3540 3256 3633 stellarum,

920 3676 1089 3751 quae
1122 3656 1528 3731 secundum
1565 3662 1909 3732 naturam
1946 3678 2158 3732 suam
2196 3658 2623 3753 recipientes
2657 3659 2976 3755 desuper
3011 3666 3258 3734 osten-

918 3777 1103 3852 dunt
1151 3797 1231 3851 se
1281 3778 1444 3871 plus
1497 3783 1570 3852 et
1621 3777 1865 3850 minus
1916 3777 2212 3851 lucidas,
2240 3817 2340 3831 --
2366 3782 2464 3850 Lo
2513 3781 2657 3852 ciel.
2725 3779 2856 3853 Hic
2915 3778 3257 3854 describit

918 3906 1257 3974 octavam
1308 3917 1623 3992 speram,
1667 3918 1835 3991 quae
1871 3897 2220 3973 virtutem
2271 3904 2639 3993 receptam
2691 3921 2735 3974 a
2786 3920 2979 3975 nona
3017 3899 3259 3973 distri-

918 4018 1075 4092 buit
1126 4017 1200 4090 in
1250 4037 1422 4091 suas
1456 4016 1697 4091 stellas
1730 4023 1806 4091 et
1838 4038 2090 4112 speras
2126 4017 2539 4113 inferiores;
2585 4018 2778 4094 unde
2815 4027 2985 4095 nota
3019 4019 3259 4115 primo

921 4136 1119 4230 quod
1172 4137 1496 4231 primum
1539 4136 1812 4211 mobile¹
1859 4137 1934 4209 in
1979 4157 2203 4231 opere
2244 4144 2528 4212 naturae
2563 4145 2675 4213 est
2710 4145 3087 4234 tamquam
3125 4139 3259 4213 do-

921 4257 1167 4331 minus
1192 4258 1468 4331 habens
1496 4262 1720 4330 totam
1758 4257 2232 4331 autoritatem
2259 4264 2333 4332 et
2382 4259 2901 4354 amplissimam
2944 4267 3261 4355 potesta-

1069 4552 1083 4581 1

1048 4559 1105 4694 ξ’)
1136 4554 1583 4694 ῗέεὲἒτέἰέωῆἳί
1614 4631 1715 4683 due
1746 4634 2012 4686 aster-ischi
2044 4647 2136 4686 son
2167 4634 2390 4699 supplite
2421 4635 2559 4701 dag-ll
2590 4635 2710 4688 altri
2741 4640 2822 4686 tre
2852 4634 3042 4687 Codici-
