3734 5567
2719 463 2853 531 139

509 895 838 964 CANTUS
883 896 1352 965 VIGESIMUS
1399 895 1839 979 SEPTIMUS,
1878 899 1951 964 in
1994 919 2113 983 quo
2158 906 2396 967 tractat
2437 903 2600 968 siout
2644 908 2859 970 trans-

662 1009 875 1074 ierunt
917 1030 1044 1092 per
1097 1009 1370 1075 medium
1421 1010 1595 1093 iynis
1653 1009 1741 1076 ad
1795 1010 2050 1094 siymm
2108 1012 2435 1077 cuiusdam
2489 1015 2658 1079 vocis
2700 1034 2851 1080 can-

667 1119 881 1198 tantia,
946 1125 1007 1185 et
1052 1133 1300 1202 postea,
1357 1140 1544 1186 morsa
1585 1141 1713 1203 per
1765 1140 1871 1187 eos
1930 1125 2063 1187 tota
2115 1121 2292 1188 scala
2345 1128 2405 1188 et
2454 1128 2675 1202 monte,
2722 1124 2855 1190 illic

668 1230 1128 1314 aliquantulum
1190 1231 1553 1297 dormitavit
1608 1231 1876 1311 Dauus,
1942 1239 2003 1298 et
2036 1239 2267 1316 postea
2327 1233 2637 1317 Viryilius
2690 1235 2859 1300 dixit

668 1342 832 1407 siout
860 1362 998 1407 cum
1041 1361 1110 1407 eo
1153 1362 1283 1407 non
1301 1348 1562 1425 poterat
1590 1343 1749 1426 phas
1791 1346 2021 1424 venire,
2070 1351 2130 1411 et
2172 1346 2382 1428 ipsum
2425 1366 2538 1413 suo
2585 1345 2852 1412 arbitrio

668 1453 1208 1518 recommdavit.

662 1707 835 1875 St
891 1822 1096 1875 coms
1168 1806 1450 1895 quando
1523 1807 1552 1877 i
1613 1806 1836 1897 primi
1898 1806 2114 1895 raym'
2171 1804 2392 1877 vibra.
2462 1805 2859 1897 Postquam

515 1929 734 2017 poeta
782 1930 1031 1998 noster
1078 1945 1124 1998 a
1175 1945 1371 1998 nono
1422 1925 1739 2019 capitulo
1802 1924 2024 1998 huius
2084 1924 2247 1997 libri
2299 1926 2683 2018 bucusque
2731 1923 2863 1997 de-

518 2040 800 2136 scripsit
826 2062 1084 2117 verum
1122 2044 1637 2140 purgatorium
1666 2044 2085 2118 distinctum
2116 2043 2188 2117 in
2217 2049 2494 2138 septem
2525 2044 2860 2137 circulOS,

520 2163 594 2235 in
620 2163 887 2255 quibus
905 2172 1319 2260 purgantur
1343 2165 1834 2240 diversimode
1856 2173 2134 2260 septem
2164 2171 2462 2259 peccata
2488 2164 2859 2259 capitalia,

516 2302 712 2357 nunc
761 2305 805 2358 a
856 2284 1192 2380 praesenti
1244 2284 1562 2380 capitulo
1614 2306 1852 2380 usque
1903 2284 1974 2358 in
2027 2284 2250 2359 finem
2286 2283 2624 2358 describit
2658 2289 2859 2377 post-

517 2405 1029 2499 purgatorium
1057 2405 1128 2477 in
1158 2426 1306 2499 quo
1334 2405 1535 2501 ponit
1559 2405 1980 2499 paradisum
2012 2402 2467 2496 deliciarum,
2488 2411 2563 2477 et
2586 2402 2859 2498 figurat

518 2522 896 2596 ecclesiam
948 2525 1079 2598 Dei
1133 2524 1583 2599 militantem.
1645 2525 1733 2597 Et
1784 2544 2103 2619 praesens
2153 2522 2550 2617 capitulum
2606 2521 2861 2595 XXVII

518 2641 862 2716 dividitur
893 2636 962 2736 (ยน)
1008 2644 1081 2717 in
1128 2652 1451 2739 quatuor
1500 2651 1745 2738 partes
1794 2645 2220 2742 generales:
2261 2643 2336 2715 in
2387 2643 2625 2736 prima
2677 2662 2864 2734 qua-

520 2752 693 2835 rum
745 2769 959 2859 poeta
1009 2764 1350 2839 describit
1398 2764 1928 2861 apparitionem
1985 2763 2202 2837 unius
2242 2762 2483 2858 angeli
2520 2761 2645 2856 qui
2682 2781 2863 2856 pur-

518 2888 646 2980 gat
696 2882 935 2979 ipsum
986 2884 1082 2958 ab
1133 2885 1392 2959 ultimo
1443 2884 1618 2958 vitio
1669 2883 2008 2977 luxuriae,
2051 2889 2126 2958 et
2175 2882 2432 2956 invitat
2481 2880 2573 2954 ad
2623 2888 2864 2954 trans-

521 3003 849 3076 eundum
903 3003 996 3077 ad
1047 3005 1348 3077 hortum
1401 3025 1532 3099 per
1582 3004 1829 3100 ignem
1881 3023 2056 3077 cum
2107 3001 2381 3077 auxilio
2431 3000 2728 3097 Virgilii.
2782 3000 2861 3073 In

522 3122 839 3198 secunda
890 3122 1230 3197 describit
1282 3124 1669 3198 transitum
1710 3144 1932 3199 suum
1980 3123 2173 3197 ultra
2225 3121 2496 3217 ignem,
2534 3125 2608 3194 et
2647 3140 2859 3194 suam

521 3242 789 3318 bonam
850 3244 1389 3339 dispositionem
1449 3244 1542 3319 ad
1600 3243 2009 3338 sequentia,
2072 3242 2209 3316 ibi:
2276 3245 2410 3316 Poi
2473 3244 2722 3315 dentro
2793 3244 2871 3314 al

514 3366 743 3457 suom.
781 3365 861 3437 In
895 3365 1111 3439 tertia
1145 3365 1484 3439 describit
1520 3384 1751 3438 unum
1790 3363 2032 3438 nobile
2073 3362 2469 3456 somnium,
2506 3361 2641 3435 ibi:
2680 3366 2868 3433 Poco

511 3490 744 3576 polea.
799 3485 878 3557 In
914 3491 1178 3578 quarta
1214 3490 1288 3559 et
1321 3483 1578 3559 ultima
1613 3483 1815 3578 ponit
1858 3481 2136 3578 Virgilii
2171 3480 2757 3555 exhortationem
2794 3486 2869 3554 et

524 3605 682 3680 eius
735 3625 1134 3699 recessum,
1187 3603 1324 3679 ibi:
1378 3610 1444 3678 E
1486 3595 1634 3696 yid,
1674 3625 1807 3697 per
1857 3606 1909 3675 Ii
1953 3604 2330 3695 splendori.
2384 3600 2491 3673 Ad
2541 3600 2862 3695 primum

523 3726 682 3803 dico
735 3727 932 3822 quod
982 3733 1194 3821 poeta
1247 3725 1588 3807 describit
1637 3724 2012 3820 angelum,
2065 3723 2192 3797 sed
2242 3721 2503 3817 primo,
2556 3725 2642 3792 ut
2691 3739 2866 3816 pro-

526 3848 737 3923 cedat
770 3847 1040 3921 clarius
1089 3845 1182 3920 ad
1226 3866 1503 3920 novum
1542 3849 1962 3937 tractatum,
2000 3840 2341 3916 describit
2377 3840 2639 3913 horam
2676 3844 2869 3912 tem-

527 3967 720 4063 poris
771 3988 903 4063 per
950 3966 1490 4062 dispositionem
1543 3964 1734 4039 solis.
1787 3964 1877 4036 Et
1926 3960 2449 4036 sententialiter
2515 3979 2660 4032 non
2711 3958 2872 4033 vult

527 4089 722 4164 aliud
772 4089 1018 4163 dicere
1068 4087 1203 4162 nisi
1247 4086 1445 4183 quod
1479 4086 1552 4159 in
1589 4083 1951 4180 superiori
1985 4081 2426 4177 hemisperio
2460 4078 2682 4154 fiebat
2715 4078 2872 4153 dies

530 4211 607 4284 in
654 4210 935 4286 oriente
984 4209 1059 4282 in
1110 4207 1316 4305 signo
1366 4205 1635 4299 arietiS,
1688 4210 1761 4279 et
1813 4205 1887 4277 in
1939 4201 2260 4277 inferiori
2315 4200 2536 4275 fiebat
2597 4221 2745 4274 nox
2797 4198 2872 4272 in

530 4329 738 4427 signo
770 4329 1008 4424 librae3
1046 4327 1244 4424 quod
1276 4328 1727 4402 demonstrat
1762 4345 1896 4420 per
1933 4325 2094 4417 hoe,
2130 4320 2329 4415 quod
2363 4323 2472 4396 sol
2511 4320 2584 4394 in
2620 4319 2874 4413 ariete,

656 4593 713 4658 ฯ)
741 4592 792 4644 S.
827 4598 995 4657 potat
1027 4592 1201 4645 alvini.
