3734 5567
854 491 997 558 344
1636 495 2045 572 commum
2092 494 2425 548 PAnAmsl

849 646 1131 745 garitae,
1180 664 1269 716 ne
1316 645 1628 716 ric-evene
1666 660 1805 734 per
1853 646 2053 713 entre
2102 660 2201 732 se,
2243 645 2319 714 et
2368 659 2541 714 ecce
2593 639 2897 713 modum
2969 639 3195 714 mira-

851 767 1098 858 bilem,
1124 785 1316 838 come
1342 781 1567 854 aequa
1598 781 1838 852 recepe
1879 761 2139 851 rayqio
2178 762 2253 833 di
2285 763 2431 833 luce
2451 762 2937 854 permanendo
2972 763 3192 852 unita,

852 887 1023 982 quia
1074 905 1269 979 aqua
1320 903 1467 957 non
1516 880 2039 976 corrumpitur,
2093 887 2165 954 et
2229 879 2476 954 radius
2536 879 2706 954 solis
2769 879 3041 955 transit.
3103 880 3194 954 Et

853 1006 970 1080 hic
1023 1011 1192 1079 nota
1244 1004 1434 1077 bene
1483 1000 1681 1095 quod
1729 1007 1949 1075 autor
1986 1001 2251 1075 merito
2286 1007 2501 1075 vocat
2533 1001 2787 1075 lunam
2829 1001 3193 1096 margari-

855 1134 1008 1201 tam
1058 1121 1433 1219 multiplici
1484 1121 1820 1195 ratione:
1871 1142 2044 1195 nam
2100 1121 2545 1217 margaritae‚
2582 1128 2665 1195 ut
2713 1121 2882 1196 dicit
2932 1121 3190 1196 Alber-

853 1254 972 1320 tus
1020 1244 1205 1317 libro
1257 1239 1708 1334 animalium,
1745 1247 1917 1314 sunt
1954 1240 2046 1315 de
2079 1261 2356 1338 genere
2394 1249 2842 1336 ostreorum,
2878 1247 2952 1316 et
2985 1241 3192 1315 durae

856 1371 1060 1440 testae
1110 1361 1435 1436 habitant
1470 1360 1543 1434 in
1583 1361 1899 1455 conchiS,
1938 1383 2106 1456 quae
2142 1362 2467 1437 colorem
2511 1362 2782 1437 habent
2829 1362 3191 1458 margari-

849 1491 1117 1560 tarum.
1169 1483 1339 1557 Haec
1390 1487 1636 1557 ostrea
1670 1481 1762 1556 ad
1796 1482 1967 1555 litus
2005 1482 2373 1558 venientia
2408 1483 2827 1579 concipiunt
2874 1483 2968 1558 de
3020 1503 3190 1557 rore

849 1604 1054 1699 coeli;
1115 1610 1189 1679 et
1239 1604 1298 1678 si
1350 1624 1471 1678 ros
1540 1603 1630 1677 sit
1687 1602 1975 1677 lucidus
2037 1605 2439 1678 matutinus
2504 1611 2578 1678 et
2637 1625 2903 1701 corpus
2971 1606 3193 1680 ostrei

846 1724 1037 1800 bene
1102 1725 1536 1799 defaecatum
1606 1723 1878 1798 format
1955 1723 2435 1820 margaritam
2503 1724 2693 1799 bene
2771 1726 3186 1820 rotundam,

844 1866 1013 1940 quae
1046 1845 1341 1940 perfusa
1375 1850 1488 1920 est
1521 1844 1856 1919 albedine
1890 1845 2341 1940 splendente,
2372 1845 2562 1919 sicut
2595 1853 2707 1919 est
2740 1847 2944 1920 color
2970 1846 3189 1920 clarae

845 1965 1060 2039 lunae.
1117 1965 1190 2038 Si
1239 1969 1493 2039 autem
1547 1983 1669 2037 ros
1720 1964 1811 2037 sit
1860 1965 2318 2060 vespertinus
2379 1971 2455 2039 et
2501 1972 2791 2059 tempus
2853 1965 3188 2038 nubilum

846 2091 920 2159 et
970 2105 1237 2179 corpus
1288 2083 1511 2157 ostrei
1561 2083 2006 2158 defectivum
2069 2106 2218 2159 non
2270 2092 2670 2181 purgatum
2723 2086 3055 2180 concipit,
3108 2094 3182 2161 et

848 2204 1115 2277 format
1166 2202 1535 2278 turbidam
1590 2205 2108 2300 margaritam3
2151 2225 2290 2279 nec
2324 2206 2620 2281 inventa
2671 2212 2779 2280 est
2832 2208 3185 2282 hactenus

851 2322 1147 2397 maioris
1174 2322 1514 2419 ponderis
1539 2322 1835 2399 dimidia
1877 2325 2116 2398 uncia.
2144 2326 2556 2423 Margaritae
2582 2331 2943 2401 vocantur
2972 2327 3187 2402 unio-

849 2462 1001 2536 neS,
1054 2442 1229 2536 quia
1280 2449 1364 2516 ut
1413 2443 1816 2538 plurimum
1868 2443 2241 2519 invenitur
2293 2466 2464 2540 una,
2502 2452 2577 2520 et
2626 2446 2719 2520 ad
2771 2447 2932 2540 plus
2982 2446 3186 2542 duae3

847 2564 1269 2661 margaritae
1320 2562 1829 2638 deformantur
1895 2565 2201 2640 fulmine
2261 2565 2376 2641 vel
2435 2566 2830 2663 grandine3
2885 2588 3187 2663 marga-

846 2685 983 2759 rita
1012 2680 1086 2778 (¹)
1145 2683 1378 2759 mollis
1429 2690 1539 2758 est
1588 2685 1662 2757 in
1713 2706 1931 2780 aqua,
1966 2685 2229 2761 deinde
2277 2686 2599 2761 durescit
2634 2688 2707 2760 in
2752 2687 3061 2783 lapidem
3086 2680 3187 2781 (²).

843 2805 1101 2880 Ostrea
1151 2824 1283 2900 per
1335 2812 1620 2878 turmas
1671 2805 2156 2901 egrediuntur
2205 2805 2297 2880 ad
2350 2826 2599 2881 rorem
2652 2806 3182 2900 hauriendum,

840 2924 916 2998 in
965 2931 1175 3000 aceto
1228 2925 1699 2999 resolvuntur
1749 2932 1824 2999 et
1885 2926 2340 3001 mollescunt.
2408 2926 2513 3001 De
2580 2927 2997 3024 margaritis
3054 2927 3188 3002 ad-

841 3046 990 3119 huc
1047 3044 1331 3119 dicetur
1381 3044 1454 3117 in
1506 3044 1857 3140 principio
1918 3046 2289 3141 sequentis
2348 3046 2662 3141 capituli.
2691 3088 2790 3101 —-
2824 3051 2999 3122 s’io.
3061 3047 3189 3123 Hic

842 3168 1061 3238 autor
1113 3169 1449 3239 removet
1502 3184 1726 3238 unam
1780 3165 2310 3241 dubitationem
2366 3167 2687 3261 tacitam,
2723 3168 2896 3262 quia
2950 3174 3190 3264 posset

845 3281 1008 3376 quis
1034 3287 1316 3377 petere:
1346 3284 1718 3377 quomodo
1753 3289 1833 3357 tu
1873 3285 2154 3360 intrasti
2190 3307 2459 3382 corpus
2492 3288 2710 3380 lunae,
2741 3308 2913 3361 cum
2951 3309 3184 3361 unum

842 3421 1109 3497 corpus
1160 3402 1473 3477 solidum
1527 3425 1672 3478 non
1724 3405 1947 3500 possit
2007 3405 2287 3481 intrare
2346 3426 2613 3502 corpus
2669 3405 2978 3480 solidum
3033 3408 3188 3481 sine

844 3522 1366 3616 corruptione?
1416 3524 1808 3620 respondet
1856 3531 2077 3600 autor
2111 3526 2310 3620 quod
2349 3526 2539 3600 istud
2593 3548 2738 3600 non
2790 3533 3026 3621 potest
3076 3527 3190 3600 in-

843 3641 1067 3738 telligi
1118 3642 1193 3716 in
1255 3642 1405 3717 istis
1458 3645 1949 3738 naturalibus3
2007 3646 2204 3720 unde
2253 3646 2463 3721 dicit:
2527 3649 2598 3720 S’
2623 3650 2693 3719 io
2756 3668 2884 3720 era
2943 3668 3188 3740 corpe,

843 3763 1052 3858 quasi
1101 3763 1328 3839 dicat:
1380 3765 1629 3840 nescio
1680 3765 1739 3839 si
1790 3784 1997 3841 eram
2027 3757 2102 3858 (³)
2143 3766 2239 3840 ibi
2276 3767 2348 3839 in
2389 3769 2577 3842 coelo
2628 3788 2798 3842 cum
2854 3788 3186 3863 corpore,

842 3885 1041 3979 quod
1079 3885 1240 3980 jam
1291 3884 1440 3959 dixi
1491 3906 1615 3961 me
1666 3885 2010 3982 ignorare
2059 3886 2133 3959 in
2187 3888 3019 3983 praecedenticapitu103
3060 3888 3188 3963 sed

841 4006 900 4081 si
951 4027 1186 4100 eram,
1218 4029 1256 4080 e
1290 4009 1410 4099 qui
1438 4028 1582 4080 non
1613 4009 1678 4080 si
1708 4028 2025 4101 coneepe,
2059 4007 2265 4102 idest,
2303 4007 2419 4082 hic
2455 4008 2758 4084 inferius
2793 4010 2867 4083 in
2911 4008 3188 4083 mundo

841 4133 1093 4201 nostro
1142 4147 1289 4201 non
1326 4127 1611 4222 capitur
1643 4128 1806 4222 hoo,
1844 4128 2139 4222 scilicet,
2176 4148 2366 4201 come
2400 4149 2547 4202 una
2580 4132 2967 4203 dimension
2994 4121 3188 4221 pado

843 4248 1059 4338 altra,
1115 4245 1323 4340 idest,
1364 4246 1736 4340 quomodo
1786 4268 2023 4320 unum
2059 4267 2328 4343 corpus
2363 4248 2706 4322 sustinuit
2746 4256 2820 4323 et
2860 4248 3190 4344 permisit

842 4363 1041 4457 quod
1087 4363 1286 4438 aliud
1336 4385 1603 4460 corpus
1652 4365 1962 4440 intraret
1998 4366 2239 4462 ipsum
2290 4368 2446 4442 sine
2492 4368 2808 4443 laesione.
2847 4368 2953 4441 Ad
2989 4366 3188 4461 quod

966 4619 1022 4684 (¹)
1055 4621 1117 4672 Ε.
1148 4620 1429 4686 margarita
1460 4623 1619 4673 etim
1647 4620 1840 4673 mollis.
2044 4622 2099 4684 (‘)
2131 4623 2193 4673 E.
2226 4625 2279 4675 in
2313 4623 2499 4688 lapide.
2695 4623 2750 4688 ζ’)
2782 4625 2843 4675 E.
2875 4638 3021 4675 eram
3053 4626 3122 4676 in.
