3734 5567
1258 495 1532 552 CANTus
1581 497 1923 551 ocnvus.
2622 486 2764 552 485

425 649 586 742 tria,
618 644 915 743 juvenis
968 642 1218 738 viginti
1272 641 1598 735 quinque
1646 662 2056 734 annorum,
2096 641 2222 734 qui
2274 648 2450 715 tunc
2499 642 2767 716 ardens

423 789 704 862 amore,
755 785 1025 840 vacans
1076 762 1270 836 sonis
1333 768 1407 836 et
1469 763 1824 855 cantibuS,
1879 761 2085 835 uncis
2143 762 2417 835 amoris
2468 748 2766 858 prome-

427 887 570 960 ruit
620 886 937 982 gratiam
988 882 1194 957 istius
1236 880 1532 975 Juvenis
1583 881 1853 955 Caroli:
1907 881 2035 955 sed
2086 881 2390 955 Carolus
2442 882 2577 957 iste
2617 904 2766 957 uno

426 1014 498 1082 et
556 1006 818 1081 eodem
880 1024 1073 1078 anno
1139 1001 1444 1076 reddidit
1506 1000 1830 1074 animam
1901 1002 2054 1075 Deo
2124 1021 2295 1075 cum
2363 1001 2763 1076 Clementia

428 1147 665 1201 uxore
715 1146 868 1199 sua.
924 1124 1133 1196 Nunc
1184 1122 1276 1196 ad
1328 1122 1615 1195 literam
1660 1141 1875 1218 ergo:
1931 1120 2169 1215 primo
2204 1125 2416 1215 poeta
2457 1121 2767 1196 ostendit

428 1246 798 1342 quomodo
850 1244 965 1316 hic
1016 1242 1322 1317 Carolus
1360 1240 1673 1337 benigne
1706 1240 2054 1314 obtulerit
2087 1260 2167 1314 se
2201 1241 2333 1313 sibi
2377 1242 2472 1315 ad
2522 1242 2764 1315 omnia

429 1373 663 1462 grata,
715 1364 994 1438 dicens:
1051 1365 1238 1453 Indi,
1292 1362 1494 1455 idest,
1555 1360 1839 1455 deinde,
1893 1363 1935 1432 l’
1966 1380 2087 1450 zm,
2149 1360 2417 1435 scilicet
2466 1361 2770 1436 Carolus

428 1486 815 1578 MartelluS,
870 1490 943 1558 et
993 1483 1260 1557 dicitur
1311 1482 1639 1575 CaroluS,
1693 1481 1902 1574 quasi
1934 1475 2007 1573 (¹)
2064 1501 2323 1555 carens
2374 1482 2521 1575 lue,
2566 1480 2769 1576 idest,

430 1606 592 1678 labe
646 1604 1017 1697 vitiorum,
1067 1606 1130 1676 si
1172 1607 1319 1697 fece
1356 1597 1485 1694 piei
1530 1623 1778 1694 presso
1830 1623 1878 1673 a
1927 1605 2072 1693 noi,
2122 1602 2294 1695 quia
2347 1602 2773 1698 recognovit

432 1731 796 1818 autorem,
849 1745 887 1795 e
932 1727 1084 1796 solo
1140 1714 1580 1811 incommote,
1632 1724 1888 1817 supple
1956 1723 2223 1816 dicere,
2285 1724 2569 1797 caeteris
2636 1744 2772 1797 au-

429 1844 791 1918 dientibus
841 1851 916 1918 et
967 1843 1549 1938 quiescentibus:
1620 1846 1770 1916 tutti
1830 1864 1977 1916 sem
2034 1846 2285 1936 presti,
2345 1865 2468 1918 ex*
2505 1844 2772 1919 ardore

431 1964 772 2059 caritatiS,
837 1967 913 2037 al
977 1973 1092 2038 tuo
1150 1968 1420 2056 piacer,
1465 1957 1721 2056 perche*
1766 1965 1841 2034 di
1907 1966 2028 2035 noi
2093 1967 2141 2035 ci
2200 1967 2368 2056 piei,
2427 1963 2629 2058 idest,
2690 1971 2772 2037 ut

436 2084 735 2179 recipias
786 2084 1195 2178 profectum
1249 2084 1457 2157 nobis
1484 2073 1583 2176 (²),
1612 2088 1687 2156 et
1740 2082 2016 2156 referas
2067 2082 2222 2156 aliis
2256 2083 2506 2156 audita
2540 2083 2772 2179 gloria

434 2211 704 2277 nostra.
760 2204 846 2275 Et
895 2204 1216 2299 assignat
1274 2224 1575 2278 causam
1641 2222 1877 2296 quare
1948 2211 2118 2277 sunt
2179 2202 2275 2274 ita
2302 2191 2374 2292 (³)
2436 2203 2772 2296 prompti,

432 2324 605 2419 quia
656 2324 916 2398 ardent
966 2344 1223 2397 omnes
1263 2343 1524 2397 amore
1573 2323 1839 2415 divino,
1877 2323 2063 2394 sicut
2116 2321 2186 2393 in
2242 2321 2517 2395 mundo
2568 2343 2774 2396 arse-

436 2450 609 2516 runt
640 2432 711 2535 (⁴)
767 2463 1025 2517 amore
1077 2464 1288 2516 vano,
1346 2442 1548 2517 Unde
1591 2441 1796 2516 dicit:
1835 2444 1957 2513 noi
1997 2444 2061 2512 ci
2097 2443 2402 2531 volyiam
2435 2445 2538 2513 co’
2565 2444 2774 2534 prin-

435 2565 569 2655 cipi
608 2566 855 2652 celesti,
893 2562 1094 2657 idest,
1132 2583 1525 2636 movemur
1563 2569 1769 2635 motu
1806 2562 2272 2655 thronorum,
2311 2561 2436 2655 qui
2476 2571 2774 2637 movent

437 2680 625 2754 istud
703 2683 1008 2776 coelum,
1087 2685 1155 2754 α’
1182 2703 1278 2755 un
1353 2689 1563 2772 mola,
1631 2684 1700 2754 d’
1729 2702 1824 2753 zm
1886 2684 2135 2771 yirare
2201 2704 2238 2753 e
2304 2683 2542 2754 d'una
2608 2689 2769 2774 sete,

436 2802 638 2896 idest,
702 2824 851 2876 uno
933 2810 1161 2896 motu,
1223 2803 1717 2896 circulatione,
1789 2808 1863 2877 et
1938 2801 2316 2875 desiderio.
2395 2802 2498 2875 Ad
2576 2805 2775 2897 quod

434 2933 602 3001 nota
654 2928 849 3021 quod
902 2934 1121 3002 autor
1189 2929 1347 3000 vult
1411 2927 1610 3020 quod
1663 2924 2275 3000 novem‘ordines
2340 2927 2773 3022 angelorum

431 3049 1049 3143 correspondeant
1109 3068 1378 3122 novem
1444 3048 1671 3142 speris
1733 3048 2121 3141 coelorum,
2182 3046 2369 3120 sicut
2438 3054 2637 3142 patet
2703 3048 2777 3120 in

432 3170 570 3241 hoc
636 3168 843 3241 libro.
922 3169 1009 3241 Et
1079 3174 1161 3240 ut
1240 3167 1491 3242 reddat
1558 3175 1900 3241 autorem
1983 3172 2344 3240 attentum
2416 3175 2779 3241 memorat

432 3287 592 3380 sibi,
644 3287 843 3381 quod
893 3287 1043 3382 ipse
1094 3287 1267 3362 olim
1322 3287 1397 3360 iu
1460 3287 1607 3361 vita
1670 3286 1851 3360 dum
1921 3291 2111 3361 esset
2172 3292 2551 3360 amoratus
2601 3286 2781 3361 affe-

433 3415 689 3481 ctuose
735 3407 1000 3483 direxit
1051 3428 1469 3482 sermonem
1527 3429 1749 3480 suum
1801 3407 1893 3481 ad
1947 3407 2121 3481 istos
2172 3408 2510 3503 angelos;
2549 3415 2621 3482 et
2673 3407 2782 3482 di-

434 3528 568 3602 cit:
623 3531 698 3600 ai
753 3532 968 3620 quali,
1030 3528 1321 3623 scilicet,
1389 3528 1853 3623 principibus,
1927 3535 1996 3600 tu
2058 3531 2175 3600 nel
2230 3532 2515 3619 mondO,
2577 3528 2783 3622 idest,

433 3668 606 3721 cum
661 3668 825 3721 eras
876 3647 949 3721 in
1001 3648 1278 3722 mundo
1345 3648 1634 3722 mortali
1696 3648 1769 3721 in
1840 3646 2077 3741 terriS,
2142 3638 2264 3739 yid
2323 3652 2604 3722 divesti:
2670 3653 2785 3722 voi

434 3769 555 3841 che
604 3770 1015 3841 ’ntendendo
1082 3771 1137 3840 il
1201 3775 1395 3840 terzo
1445 3771 1574 3841 ciel
1620 3775 1903 3862 movete,
1963 3768 2167 3862 idest,
2222 3788 2269 3842 o
2319 3789 2451 3843 vos
2519 3768 2784 3843 intelli-

432 3890 723 3986 gentiae,
779 3908 948 3982 quae
1001 3888 1310 3961 movetis
1365 3888 1650 3963 tertiam
1704 3909 1995 3984 speram
2034 3890 2375 3964 Veneris:
2429 3890 2621 3964 istud
2672 3897 2782 3965 est

435 4009 870 4105 principium
925 4008 1146 4081 unius
1200 4007 1574 4102 cantioniS,
1612 4030 1837 4103 quam
1892 4015 2112 4083 autor
2162 4008 2331 4083 fecit
2379 4009 2474 4084 de
2522 4031 2782 4086 amore

437 4149 572 4201 suo
624 4129 698 4201 iu
738 4130 1156 4223 Juventute,
1212 4128 1339 4202 ubi
1387 4128 1788 4223 alloquitur
1849 4128 2078 4202 dictas
2147 4127 2656 4225 intelligentias
2706 4132 2779 4205 in

436 4246 720 4342 plurali,
775 4248 945 4342 quia
996 4270 1144 4324 non
1188 4249 1514 4344 loquitur
1550 4249 1643 4323 ad
1679 4249 1980 4323 modum
2020 4248 2420 4345 philosophi
2463 4251 2592 4345 qui
2626 4253 2784 4327 vult

437 4365 638 4460 quod
691 4387 836 4440 una
889 4388 1100 4462 spera
1152 4369 1419 4444 habeat
1467 4370 1707 4443 solum
1757 4389 1980 4442 unam
2025 4368 2573 4465 intelligentiam
2620 4394 2783 4448 mo-

458 4613 467 4620 ·
560 4552 617 4614 (¹)
648 4552 709 4602 B.
742 4553 864 4616 quia
896 4567 1092 4605 careus.
1531 4556 1586 4617 (¹)
1617 4555 1680 4607 Β.
1713 4570 1743 4606 e
1775 4561 1824 4617 4,
1855 4570 1923 4607 ex
1952 4557 2114 4608 nobis.

563 4627 617 4691 (⁸)
649 4634 698 4686 4,
733 4629 817 4681 isti
849 4632 1095 4695 prompti.
1536 4632 1592 4696 (⁸)
1623 4634 1686 4684 Ε.
1717 4640 2039 4686 exarserunt.
