3734 5567
883 510 1025 576 404
1667 517 2077 573 commun
2126 515 2455 571 PARAmsl

881 687 1077 761 nem,
1128 666 1398 741 scilicet
1448 664 1645 759 quod
1695 665 1920 738 homo
1969 682 2119 737 non
2167 668 2404 758 potest
2435 661 2712 736 absolvi
2754 661 2889 736 nisi
2925 670 3221 737 servato

876 795 1132 885 pacto;
1187 787 1382 861 unde
1430 785 1636 860 dicit:
1690 789 1988 880 Demque
2033 785 2152 856 che
2183 786 2443 858 render
2477 787 2718 876 puossi
2740 805 2876 876 per
2905 788 3219 857 ris-toro?

878 907 1082 1001 idest,
1136 927 1270 1001 pro
1322 904 1966 1000 compensatione?
2016 903 2228 998 quasi
2277 903 2505 978 dicat:
2559 903 2755 977 nihil.
2817 903 3030 993 Quod
3087 902 3217 978 de—

875 1028 1127 1121 clarat,
1179 1026 1462 1101 dicens:
1514 1046 1588 1098 se
1636 1025 1829 1097 credi
1875 1024 2041 1096 bene
2081 1045 2282 1115 usar,
2319 1023 2520 1116 idest,
2547 1024 2749 1118 juste
2780 1028 3213 1098 convertere

873 1147 950 1221 in
1001 1168 1181 1221 usus
1231 1151 1398 1219 tuos
1450 1146 1567 1219 vel
1614 1143 1941 1239 alterius,
1993 1147 2153 1237 quel
2204 1146 2262 1216 c’
2286 1146 2405 1218 1ιαὶ
2451 1149 2726 1237 offerto,
2777 1144 2982 1237 idest,
3045 1163 3217 1239 pro-

875 1265 1127 1340 misisti
1179 1266 1333 1340 Deo
1385 1264 1457 1338 in
1507 1263 1816 1339 solemni
1856 1270 2052 1357 voto,
2093 1267 2256 1338 vuoi
2289 1267 2415 1359 sar
2462 1264 2647 1337 buon
2694 1268 2975 1356 lavoro,
3010 1264 3211 1356 idest,

864 1388 1152 1484 justum
1203 1406 1410 1480 opuS,
1463 1387 1540 1458 di
1587 1387 1734 1458 mal
1788 1387 2065 1476 tolletto,
2117 1382 2321 1479 idest,
2372 1385 2465 1459 de
2533 1405 2624 1459 eo
2688 1385 2887 1480 quod
2951 1384 3212 1458 iniuste

871 1501 1230 1578 abstulisti
1262 1502 1458 1595 Deo;
1509 1500 1637 1575 sed
1687 1500 1780 1574 de
1827 1499 2067 1575 alieno
2118 1500 2366 1596 largiri
2419 1502 2694 1596 species
2744 1500 2915 1574 furti
2960 1507 3089 1593 est,
3132 1507 3213 1574 ut

872 1623 975 1699 ait
1022 1623 1391 1697 Salomon.
2894 1713 2899 1719 ⁴

1031 1749 1129 1818 Tu
1177 1746 1270 1817 se’
1305 1744 1515 1816 omai.
1568 1743 1710 1815 Ista
1767 1746 1880 1815 est
1939 1740 2260 1815 secunda
2311 1760 2481 1835 pars
2524 1741 2888 1838 generalis
2938 1741 3012 1815 in
3062 1762 3205 1836 qua

868 1866 1137 1939 Dantes
1188 1866 1526 1938 removet
1574 1861 2053 1956 quaestionem
2108 1881 2277 1959 quae
2328 1860 2650 1937 nascitur
2701 1883 2795 1937 ex
2852 1861 3208 1936 solutione

867 1986 1081 2079 facta,
1135 1990 1210 2059 et
1258 1983 1427 2058 facit
1475 1982 2046 2057 declarationem
2082 1981 2276 2056 circa
2317 1988 2597 2056 votum.
2637 1982 2724 2055 Et
2756 1982 2995 2076 primo
3028 1982 3207 2056 Bea-

867 2106 1011 2179 trix
1066 2106 1317 2180 volens
1367 2103 1655 2178 solvere
1688 2102 1998 2176 dubium
2035 2102 2411 2176 continuat
2444 2102 2927 2197 praecedentia
2966 2103 3061 2177 ad
3093 2121 3205 2176 se-

867 2222 1190 2318 quentia,
1242 2228 1316 2297 et
1367 2222 1534 2295 facit
1593 2227 1932 2295 autorem
1995 2226 2359 2297 attentum
2411 2223 2503 2297 ad
2551 2222 2877 2315 dicenda,
2928 2221 3201 2297 dicens:

876 2348 975 2417 Tu
1024 2345 1118 2414 se'
1157 2345 1349 2416 omai
1395 2350 1582 2416 certo
1631 2342 1747 2415 del
1791 2346 2121 2434 mayyior
2172 2351 2420 2436 punto,
2480 2343 2898 2438 quaestionis
2942 2364 3202 2439 propo-

868 2461 1048 2555 sitae,
1077 2483 1197 2536 ma
1210 2459 1472 2556 perche*
1489 2471 1697 2537 santa
1730 2466 1998 2555 Cltiesa,
2027 2483 2357 2557 romana,
2383 2466 2459 2536 in
2481 2455 2590 2536 cic}
2615 2466 2966 2556 dispensa,
3002 2484 3202 2539 com-

868 2583 1224 2658 mutando
1277 2604 1432 2659 rem
1489 2605 1623 2679 pro
1675 2604 1779 2678 re,
1821 2587 1942 2657 che
1984 2604 2128 2676 par
2177 2591 2428 2657 contra
2481 2585 2550 2656 lo
2597 2605 2767 2657 vero
2805 2587 2998 2658 clt’io
3047 2589 3093 2658 τ’
3117 2588 3200 2658 lto

861 2713 1203 2800 scoperto,
1260 2705 1564 2780 dicendo
1615 2705 1815 2800 quod
1865 2706 2040 2779 nihil
2082 2711 2315 2800 potest
2358 2704 2557 2779 reddi
2599 2725 2732 2799 pro
2774 2727 3201 2803 compensa-

863 2824 1083 2920 tione,
1117 2828 1461 2899 convienti
1491 2845 1715 2898 ancor
1744 2828 1988 2898 sedere
2020 2846 2116 2898 un
2141 2845 2323 2918 poco
2348 2845 2411 2897 α
2446 2845 2710 2916 mensa,
2749 2826 2953 2921 idest,
2987 2848 3199 2923 opor-

859 2950 962 3020 tet
1027 2946 1270 3020 adhuc
1328 2950 1402 3020 te
1461 2945 1844 3021 attendere
1905 2945 2274 3020 modicum
2338 2945 2429 3020 ad
2490 2946 2895 3021 doctrinam
2958 2969 3194 3023 meam

859 3085 1027 3158 quae
1078 3064 1272 3138 cibat
1320 3064 1651 3137 animum
1715 3071 1968 3159 tuum3
2023 3070 2096 3139 et
2156 3085 2330 3139 ecce
2387 3084 2712 3160 causam,
2765 3060 2947 3160 perd
3008 3069 3204 3140 clte'l

857 3184 1007 3257 cibo
1055 3186 1291 3275 rigido
1325 3185 1426 3255 οἵ
1452 3186 1574 3258 hai
1597 3206 1839 3278 prem,
1875 3185 2080 3277 idest,
2120 3185 2428 3260 materia
2465 3186 2613 3260 voti
2650 3187 2976 3261 nondum
3014 3188 3197 3261 bene

857 3300 1158 3399 digesta,
1198 3305 1497 3378 r-ichiede
1530 3325 1803 3378 ancora
1843 3308 2032 3379 aiulo
2066 3327 2115 3378 a
2150 3313 2270 3379 tua
2309 3308 2634 3399 dispensa
2649 3334 2681 3400 ,-
2721 3308 2930 3402 quasi
2970 3307 3193 3382 dicat:

856 3421 1131 3519 indiget
1159 3418 1232 3516 (¹)
1286 3425 1530 3500 adhuc
1578 3425 2071 3501 declaratione
2120 3426 2315 3501 circa
2356 3426 2962 3522 dispensationem
3014 3427 3191 3521 voti3

856 3563 1062 3640 ergo,
1114 3548 1281 3638 apri
1328 3548 1402 3619 la
1439 3539 1696 3638 mente,
1751 3552 1835 3619 ut
1883 3566 2297 3640 conserves,
2333 3568 2382 3619 a
2430 3551 2590 3640 quel
2634 3550 2820 3622 clt'io
2852 3552 2904 3622 εἰ
2928 3551 3194 3641 paleso,

854 3664 1061 3760 idest,
1115 3666 1501 3762 propalare
1526 3658 1603 3760 (²)
1656 3666 1975 3763 intendo,
2017 3690 2055 3742 e
2105 3670 2435 3764 ser-malm·
2483 3675 2709 3762 entro,
2758 3688 2852 3742 ne
2909 3668 3195 3743 labatur

852 3785 946 3862 de
1005 3785 1194 3861 facili
1245 3808 1292 3862 a
1355 3786 1753 3881 memoria3
1805 3794 1880 3862 et
1939 3807 2115 3863 ecce
2171 3807 2496 3881 causam,
2546 3783 2672 3860 ctae*
2722 3808 2934 3860 avere
2980 3791 3192 3861 inleso

850 3927 1070 3982 senza
1120 3909 1188 3980 lo
1237 3909 1561 3999 maere,
1612 3907 1817 4001 idest,
1873 3907 2343 4004 intelligentia
2401 3905 2559 3982 sine
2612 3906 2999 4001 memoria,
3048 3926 3190 3980 non

813 4030 930 4121 ¹sa
978 4031 1279 4102 scienza.
1334 4028 1534 4104 Bene
1582 4026 1776 4122 dicit,
1828 4027 2000 4122 quia
2052 4027 2351 4103 scientia
2402 4032 2511 4102 est
2549 4026 2845 4102 habitus
2875 4025 3191 4119 acquisi-

853 4152 1013 4241 tus3
1068 4148 1264 4222 unde
1296 4147 1633 4222 videmus
1690 4147 1962 4221 multos
2013 4147 2364 4221 habentes
2405 4167 2761 4243 magnum
2813 4146 3183 4243 ingenium

850 4285 998 4340 non
1051 4265 1410 4359 proficere
1459 4265 1530 4338 in
1583 4265 1908 4360 scientia,
1943 4266 2116 4360 quia
2164 4264 2544 4361 negligunt
2593 4272 2666 4341 et
2717 4286 2861 4341 non
2915 4265 3188 4341 faciunt

852 4384 1183 4459 habitum
1235 4384 1309 4457 in
1359 4404 1470 4459 ea.
1501 4424 1600 4439 -
1625 4390 1794 4459 Due.
1834 4385 1966 4460 Hic
2000 4385 2292 4461 Beatrix
2328 4407 2462 4480 pro
2495 4387 2967 4482 responsione
2997 4407 3192 4482 prae-

974 4640 1032 4703 (')
1060 4641 1123 4692 Β.
1154 4641 1365 4706 indigeo.
1741 4640 1798 4706 (⁸)
1829 4643 1891 4694 E.
1925 4643 2196 4708 propalare
2229 4645 2320 4695 tibi
2352 4644 2579 4695 intendo.
