3734 5567
1447 523 1724 579 cANrus
1772 526 2060 581 prunus.
2780 517 2920 586 333

574 668 836 743 deinde
885 676 1187 764 propter
1236 668 1711 764 multiplicem
1767 669 2236 766 indigentiam
2298 673 2571 769 appetit
2639 674 2923 749 divitias

573 789 1144 865 instrumentum
1214 790 1641 884 voluptatis:
1713 789 1976 865 deinde
2042 792 2352 888 gloriam
2405 796 2918 892 amplectitur:

572 915 840 984 natura
891 907 1192 1003 quidem
1243 909 1479 983 omnis
1530 911 1753 985 homo
1827 910 2062 985 laudis
2125 920 2200 987 et
2257 913 2553 989 honoris
2617 923 2728 992 est
2789 937 2922 1012 ap-

572 1036 849 1126 petens,
916 1028 1091 1125 quia
1155 1030 1395 1104 honor
1458 1035 1569 1104 est
1635 1030 2134 1106 testimonium
2187 1031 2493 1107 virtutis.
2547 1036 2634 1109 Et
2684 1035 2917 1110 addit:

572 1150 955 1250 aegritudO,
1008 1149 1346 1244 servituS,
1406 1150 1646 1246 inopia
1708 1172 1964 1227 rerum
2033 1153 2612 1229 necessariarum
2682 1157 2918 1230 abdu-

572 1273 670 1347 cit
699 1264 772 1364 (’)
818 1291 950 1345 nos
999 1292 1046 1347 a
1097 1271 1301 1346 cultu
1339 1269 1650 1365 virtutis,
1686 1270 1849 1345 ideo
1886 1278 1997 1346 est
2030 1292 2215 1368 opus
2250 1272 2692 1368 sapientibus
2725 1295 2917 1370 prae-

572 1393 1026 1489 ceptoribus:
1080 1390 1244 1466 ideo
1306 1390 1587 1466 Socrati
1638 1412 1683 1466 a
1735 1411 1972 1487 puero
2022 1391 2287 1468 dicitur
2348 1391 2564 1467 datus
2612 1396 2916 1490 angelus

572 1534 820 1589 comes
883 1512 1373 1610 agendorum,
1430 1517 1512 1585 ut
1560 1511 1983 1607 prohiberet
2042 1532 2211 1606 quae
2280 1511 2436 1588 fieri
2491 1533 2638 1587 non
2689 1533 2915 1608 expe-

571 1633 777 1709 diret.
834 1634 922 1707 Et
970 1632 1360 1708 confirmat
1410 1632 1688 1707 dictum
1750 1653 1971 1707 suum
2043 1652 2176 1727 per
2237 1653 2463 1707 unam
2530 1652 2915 1729 compara-

572 1754 845 1829 tionem
880 1755 1212 1849 pulcram
1250 1760 1324 1828 et
1356 1754 1763 1850 propriam:
1801 1759 1878 1828 et
1911 1753 2068 1827 vult
2102 1753 2623 1829 sententialiter
2650 1754 2920 1849 dicere,

573 1872 772 1968 quod
803 1873 992 1948 sicut
1025 1873 1211 1970 ignis
1245 1873 1371 1968 qui
1406 1873 1843 1948 naturaliter
1878 1879 1989 1948 est
2020 1879 2235 1969 aptus
2270 1879 2484 1947 natus
2519 1873 2919 1950 ascendere

572 2013 895 2086 sursum,
937 1999 1193 2068 contra
1234 1999 1577 2068 naturam
1605 2014 1819 2068 suam
1860 1993 2219 2069 violenter
2258 1993 2486 2068 tendit
2525 1993 2919 2090 deorsum;

569 2111 670 2188 ita
721 2113 948 2187 homo
1000 2113 1126 2208 qni
1179 2113 1614 2190 naturaliter
1662 2120 1776 2188 est
1822 2121 2039 2210 aptus
2090 2119 2307 2188 natus
2363 2113 2764 2188 ascendere
2821 2114 2915 2189 ad

569 2233 870 2328 coelum,
918 2232 1462 2309 accidentaliter
1513 2221 1818 2309 reclinat
1866 2233 1962 2308 ad
2022 2238 2295 2307 terram
2351 2238 2619 2329 praeter
2681 2232 2919 2307 inten-

571 2352 845 2428 tionem
898 2360 1205 2428 naturae.
1261 2353 1446 2428 Dicit
1495 2373 1676 2450 ergo
1709 2354 1945 2429 bene:
1999 2374 2038 2426 e
2072 2355 2361 2427 siccome
2410 2355 2620 2427 veder
2669 2356 2733 2426 si
2767 2345 2916 2446 pud

571 2476 824 2547 cadere
866 2478 1074 2568 fitoco
1123 2477 1201 2548 di
1243 2475 1446 2566 nube,
1513 2474 1805 2568 scilicet,
1857 2473 2046 2571 ignis
2096 2472 2415 2548 fulminis
2466 2474 2791 2548 inclusus
2843 2473 2916 2546 in

572 2599 833 2669 ventre
882 2593 1097 2668 nubis
1132 2595 1481 2689 expulsus
1520 2615 1567 2670 a
1606 2593 1883 2691 frigore
1916 2594 2079 2685 loci,
2127 2594 2316 2668 sicut
2346 2593 2740 2688 probatum
2777 2593 2911 2666 fuit

571 2734 818 2809 supra,
868 2735 943 2787 se
992 2716 1036 2787 l’
1060 2717 1311 2807 impeto
1355 2718 1618 2807 primo,
1653 2713 1859 2809 idest,
1914 2720 2158 2788 motus
2208 2713 2465 2810 primae
2516 2713 2909 2788 voluntatis

567 2839 826 2931 potest,
885 2833 1162 2929 supple,
1229 2833 1457 2909 videri
1518 2834 1783 2910 cadere
1833 2834 2208 2929 deorsum,
2259 2855 2310 2907 a
2359 2839 2558 2908 terra
2617 2829 2659 2908 e*
2702 2839 2913 2924 torto,

567 2954 773 3049 idest,
800 2974 1024 3030 carne
1049 2952 1364 3028 hominis
1390 2974 1562 3028 cum
1598 2952 1875 3051 impetu
1915 2953 2239 3049 depulsa,
2264 2956 2365 3028 da
2384 2956 2572 3048 salso
2598 2955 2912 3047 parcere,

566 3074 773 3170 idest,
825 3096 872 3149 a
923 3073 1556 3170 complacibilitate
1607 3074 1712 3150 rei
1779 3095 2006 3168 quam
2072 3079 2276 3149 amat
2334 3080 2715 3166 tamquam
2780 3071 2918 3147 bo-

570 3216 766 3289 nam,
820 3215 993 3269 cum
1048 3201 1296 3269 tamen
1348 3215 1494 3269 non
1546 3194 1658 3289 sit,
1710 3194 1785 3269 in
1827 3215 1976 3290 qua
2012 3202 2123 3270 est
2155 3195 2331 3270 falsa
2368 3194 2692 3289 felicitaS,
2727 3192 2914 3268 sicut

570 3315 931 3391 subtiliter
979 3314 1314 3411 probavit
1364 3319 1579 3411 poeta
1630 3315 1705 3390 in
1742 3315 2153 3412 Purgatorii
2194 3315 2537 3411 capitulo,
2588 3313 2713 3389 ubi
2758 3320 2912 3388 tra-

570 3434 791 3510 ctavit
838 3435 931 3510 de
987 3453 1267 3510 amore.
1293 3475 1394 3489 —
1418 3439 1581 3509 Non
1642 3437 1772 3510 dei.
1839 3436 1972 3509 Hic
2040 3435 2301 3510 ultimo
2368 3441 2583 3532 poeta
2654 3434 2916 3530 repetit

570 3554 1108 3630 conclusionem
1182 3555 1566 3651 probatam
1631 3553 1726 3630 ad
1794 3575 2051 3630 veram
2120 3555 2619 3631 exclusionem
2688 3554 2913 3649 dubii,

569 3673 862 3767 scilicet,
916 3673 1113 3768 quod
1163 3674 1322 3749 eius
1353 3695 1701 3749 ascensus
1748 3674 1841 3748 ad
1878 3675 2152 3749 coelum
2188 3681 2301 3749 est
2343 3674 2718 3769 naturalis,
2765 3695 2911 3749 non

565 3793 1050 3890 accidentalis,
1077 3815 1211 3891 per
1249 3816 1474 3870 unam
1512 3794 2137 3891 comparationem
2175 3794 2590 3869 naturalem
2628 3800 2703 3868 et
2736 3815 2911 3889 pro-

568 3916 825 4011 priam,
879 3936 1050 4011 quae
1100 3914 1193 3992 de
1240 3936 1321 3990 se
1368 3922 1590 4012 patet,
1642 3915 1927 3990 dicens:
1981 3919 2143 3988 Non
2191 3917 2305 3989 dei
2349 3909 2478 4007 pin)
2534 3915 2911 4004 ammirar,

568 4035 717 4111 istis
766 4037 955 4111 bene
1007 4034 1500 4129 consideratis,
1553 4038 1623 4109 lo
1674 4042 1789 4109 tuo
1835 4038 2079 4126 salire,
2130 4034 2339 4128 idest,
2388 4032 2791 4109 ascendere
2840 4032 2914 4105 in

571 4155 866 4250 coelum,
918 4177 992 4231 se
1038 4157 1206 4230 bene
1255 4158 1513 4250 estimO,
1567 4155 1651 4249 si,
1703 4175 1837 4250 pro
1889 4155 2088 4250 quia,
2152 4176 2230 4229 se
2275 4175 2422 4228 non
2473 4174 2664 4226 come
2723 4155 2793 4227 d’
2816 4172 2914 4226 un

568 4274 754 4364 rivO,
794 4274 1085 4371 scilicet,
1120 4297 1336 4372 aquae
1370 4275 1759 4369 currentiS,
1792 4296 1867 4349 se
1899 4278 1969 4349 α’
1994 4277 2139 4349 alto
2172 4280 2403 4349 monte
2432 4275 2679 4348 scende
2710 4277 2912 4366 qiuso

568 4392 670 4465 ad
713 4394 881 4485 ime,
929 4392 1136 4490 idest,
1188 4394 1284 4470 ad
1316 4396 1638 4491 bassum,
1683 4394 1894 4489 quasi
1934 4393 2165 4469 dicat:
2217 4404 2388 4473 tuus
2436 4414 2782 4470 ascensus
2833 4393 2906 4466 in

692 4648 747 4712 (¹)
779 4652 827 4707 ι,
861 4649 1091 4702 obducit.
