3734 5567
1072 452 1214 517 444
1851 462 2264 518 COMENTUM
2314 463 2644 517 PAnAmsl

1065 630 1297 706 gnum
1351 608 1757 683 exercitum
1821 608 2343 702 pompeianum
2407 616 2943 706 congregatum
3008 610 3077 682 in
3136 610 3345 705 Africa,

1070 728 1194 801 ubi
1243 727 1391 801 duo
1441 728 1667 801 duces
1719 734 1934 801 erant
1982 727 2218 823 Scipio
2267 735 2342 803 et
2390 728 2594 822 Cat0,
2646 729 2854 803 velut
2905 729 3170 803 fulmen
3218 731 3345 803 belli

1064 848 1177 921 vir
1226 847 1711 923 ardentissimi
1763 847 2058 941 spiritus
2110 848 2442 921 transivit
2494 849 2565 921 in
2618 849 2966 942 Africam,
3027 850 3139 922 ubi
3186 857 3348 923 erant

1062 967 1318 1042 decem
1372 969 1694 1064 legiones
1747 967 2098 1060 romanae,
2151 975 2225 1041 et
2276 989 2407 1042 rex
2462 969 2646 1042 Juba
2684 989 2861 1043 cum
2899 968 3164 1041 infinita
3200 970 3348 1041 mul-

1063 1088 1371 1163 titudine
1429 1089 1939 1162 barbarorum.
2005 1087 2249 1162 Caesar
2311 1095 2473 1182 post
2535 1090 2768 1163 multa
2818 1089 3256 1163 incommoda
3295 1097 3348 1162 et

1062 1208 1319 1302 proelia
1370 1207 1838 1302 particularia
1890 1207 2083 1301 apud
2135 1208 2420 1302 Tapson
2491 1210 2756 1282 urbem
2811 1229 2985 1282 cum
3038 1209 3177 1281 suis
3221 1214 3346 1280 octo

1063 1326 1468 1424 legionibus
1518 1334 1773 1401 contra
1826 1328 2067 1401 hostes
2117 1328 2352 1402 aciem
2390 1329 2775 1423 ordinavit,
2826 1330 2950 1402 ubi
2995 1329 3233 1402 milites
3266 1328 3346 1399 in-

1061 1445 1412 1520 flammati
1461 1446 1969 1521 adhortatione
2001 1440 2074 1538 (¹)
2130 1447 2311 1541 eiuS,
2355 1469 2500 1521 non
2542 1455 2933 1544 expectato
2968 1447 3183 1545 signo,
3212 1467 3342 1520 cum

1060 1585 1329 1661 magno
1386 1566 1653 1640 ardore
1717 1575 2233 1663 pugnaverunt
2298 1568 2742 1643 trucidantes
2812 1589 3091 1644 omnes.
3154 1568 3345 1641 Caesar

1063 1684 1195 1757 tria
1266 1692 1503 1759 castra
1570 1687 1887 1760 hostium
1954 1687 2165 1780 cepit,
2237 1688 2528 1782 scilicet,
2596 1689 2970 1784 ScipioniS‚
3035 1689 3242 1778 Jubae,
3292 1693 3345 1759 et

1058 1805 1370 1879 Labieni.
1426 1806 1613 1879 Juba
1665 1814 1739 1879 et
1787 1807 2119 1881 Petreius
2170 1807 2481 1882 finaliter
2533 1809 2623 1882 ad
2681 1831 3013 1884 mensam
3056 1809 3346 1899 benepo-

1062 1925 1185 2000 tati
1218 1946 1298 2000 se
1334 1933 1595 1999 mutuo
1633 1925 2177 2001 interfecerunt.
2212 1928 2448 2023 Scipio
2481 1929 2633 2002 dux
2668 1930 3035 2026 generalis
3069 1926 3342 2002 omnium

1059 2065 1227 2118 cum
1282 2045 1357 2117 in
1411 2045 1575 2118 navi
1618 2045 1911 2140 sugeret
1949 2047 2020 2119 in
2057 2047 2499 2142 Hispaniam,
2532 2049 3035 2144 deprehensus
3071 2068 3112 2120 a
3151 2046 3344 2119 Caesa-

1066 2165 1287 2238 rianis
1321 2165 1561 2259 gladio
1595 2185 1675 2239 se
1711 2166 2100 2260 percussit3
2138 2175 2213 2242 et
2246 2170 2743 2261 quaerentibus
2783 2170 2907 2244 ubi
2945 2174 3129 2243 esset
3162 2167 3345 2257 impe-

1064 2290 1286 2376 rator,
1318 2284 1721 2378 respondit:
1761 2285 2158 2378 imperator
2195 2288 2382 2362 bene
2415 2309 2495 2362 se
2522 2289 2760 2364 habet.
2790 2292 3037 2365 Caesar
3062 2285 3340 2360 omnium

1061 2401 1291 2475 victor
1341 2402 1651 2476 Romam
1706 2405 1938 2498 rediit,
1988 2406 2247 2480 deinde
2280 2407 2601 2481 inaudita
2636 2409 3015 2482 celeritate
3068 2400 3340 2479 transivit

1059 2521 1131 2594 in
1166 2522 1604 2617 Hispaniam,
1633 2525 1757 2598 ubi
1796 2525 1945 2598 duo
1983 2524 2105 2599 filii
2141 2527 2460 2622 Pompeii
2500 2539 2794 2622 propter
2839 2525 3250 2602 memoriam
3285 2526 3340 2592 et

1057 2643 1324 2717 famam
1366 2644 1589 2738 patris
1625 2666 1979 2740 magnum
2020 2647 2346 2720 favorem
2381 2647 2848 2741 invenerant,
2904 2648 2995 2721 ibi
3020 2637 3089 2736 (²)
3141 2647 3338 2715 extre-

1056 2765 1190 2837 mis
1240 2765 1516 2838 viribus
1570 2772 1643 2839 et
1693 2765 1875 2839 odiis
1924 2772 2333 2862 pugnatum
2379 2774 2489 2841 est
2521 2768 2714 2862 apud
2750 2767 3092 2841 Mundam
3134 2758 3337 2835 civita-

1050 2889 1237 2977 tem3
1290 2904 1425 2958 nec
1479 2906 1805 2979 unquam
1844 2885 2087 2959 Caesar
2140 2887 2211 2957 in
2263 2893 2414 2959 tam
2466 2894 2803 2961 extremo
2841 2884 3160 2983 periculo
3198 2876 3333 2950 fuit:

1050 3024 1221 3077 nam
1288 3004 1481 3078 acies
1549 3012 2100 3098 veteranorum,
2165 3025 2297 3098 per
2356 3013 2461 3080 tot
2526 3013 2860 3102 tempora
2927 3007 2998 3079 in
3049 2998 3338 3077 omnibus

1048 3121 1252 3195 bellis
1303 3123 1604 3216 probata
1641 3131 1714 3197 et
1748 3124 2065 3214 laudata,
2095 3136 2422 3218 coeperat
2455 3127 2830 3219 paullatim
2881 3119 3335 3203 retrocedere3

1047 3240 1173 3313 sed
1223 3240 1466 3314 Caesar
1514 3242 1608 3315 ab
1660 3264 1853 3336 equo
1904 3244 2240 3318 desiliens
2274 3245 2493 3340 coepit
2528 3247 2948 3340 praecedere
2988 3243 3204 3318 aciem
3237 3253 3337 3330 pe-

1046 3358 1277 3432 ditum
1313 3350 1386 3450 (³)
1423 3361 1625 3434 velut
1665 3361 2008 3455 furiosuS,
2045 3384 2268 3436 manu
2308 3372 2382 3437 et
2416 3364 2663 3460 lingua
2702 3385 3054 3440 revocans
3095 3357 3335 3452 fugien-

1050 3483 1202 3569 tes3
1256 3477 1402 3550 imo
1455 3479 1653 3552 visus
1703 3487 1812 3553 est
1860 3482 2189 3577 cogitare
2238 3483 2331 3556 de
2383 3491 2642 3577 morte,
2698 3484 2960 3560 timens
3011 3483 3331 3556 fortunam

1045 3616 1205 3670 esse
1258 3603 1639 3691 mutatam,
1693 3600 1985 3674 tandem
2042 3601 2334 3676 fortuna
2385 3605 2690 3677 contulit
2753 3607 2886 3679 sibi
2938 3601 3330 3696 insperatam

1043 3717 1444 3791 victoriam.
1476 3717 1658 3791 Nam
1694 3720 2021 3814 quinque
2045 3723 2384 3796 cohortes
2410 3723 2703 3798 Labieni
2733 3747 2901 3819 quae
2941 3724 3029 3799 ad
3070 3730 3333 3793 succur-

1039 3856 1207 3910 sum
1246 3844 1659 3911 castrorum
1706 3839 2206 3934 mittebantur,
2244 3842 2536 3915 creditae
2575 3843 2853 3940 sugere,
2889 3831 3331 3939 praestiterunt

1039 3957 1188 4032 suis
1223 3958 1608 4033 materiam
1646 3958 1989 4055 fugiendi,
2026 3967 2101 4035 et
2150 3960 2417 4035 Caesari
2468 3962 2848 4037 victoriam
2889 3984 3056 4038 cum
3105 3965 3329 4046 magna

1037 4082 1283 4173 strage
1309 4078 1626 4152 hostium
1655 4085 1728 4152 et
1754 4086 1996 4154 morte
2022 4080 2336 4156 Labieni.
2355 4082 2602 4157 Gneus
2630 4084 3058 4160 vulneratus
3090 4072 3332 4170 fugiens

1036 4215 1168 4288 per
1202 4198 1480 4290 sylvam
1519 4198 1941 4272 interfectus
1975 4207 2086 4274 est
2134 4221 2178 4273 a
2229 4201 2583 4276 Cesennio
2639 4204 2877 4298 legato
2928 4193 3232 4282 Caesaris,
3272 4187 3331 4258 θῑ

1035 4319 1256 4408 caput
1280 4314 1547 4389 Caesari
1573 4324 2117 4409 praesentatum.
2151 4321 2414 4395 Ultimo
2441 4321 2682 4396 Caesar
2719 4323 2999 4396 visitata
3036 4303 3326 4406 Hispania

1157 4571 1214 4634 (¹)
1244 4577 1291 4634 ⁴,
1326 4575 1390 4625 ad
1422 4575 1771 4626 hortationem
1801 4576 1931 4627 eius.
2182 4581 2236 4644 (⁸)
2270 4582 2330 4632 Ε.
2363 4584 2468 4633 ubi.
2720 4584 2774 4647 (⁸)
2805 4588 2852 4645 ι,
2886 4580 3181 4648 prodictam.
