<?xml version="1.0" encoding="UTF-8"?>
<!DOCTYPE html PUBLIC "-//W3C//DTD XHTML 1.0 Transitional//EN"
    "http://www.w3.org/TR/xhtml1/DTD/xhtml1-transitional.dtd">
<html xmlns="http://www.w3.org/1999/xhtml" xml:lang="en" lang="en">
 <head>
  <title>
</title>
<meta http-equiv="Content-Type" content="text/html;charset=utf-8" />
  <meta name='ocr-system' content='tesseract 3.04.00' />
  <meta name='ocr-capabilities' content='ocr_page ocr_carea ocr_par ocr_line ocrx_word'/>
</head>
<body>
  <div class='ocr_page' id='page_1' title='image "benevenutideram02lacagoog_0473.png"; bbox 0 0 3734 5567; ppageno 0'>
   <div class='ocr_carea' id='block_1_1' title="bbox 45 687 79 1478">
    <p class='ocr_par' dir='ltr' id='par_1_1' title="bbox 45 687 79 1478">
     <span class='ocr_line' id='line_1_1' title="bbox 45 687 79 1478; textangle 90"><span class='ocrx_word' id='word_1_1' title='bbox 45 1305 73 1478; x_wconf 63' lang='grc' dir='ltr'><strong>ιι-τιἮ</strong></span> <span class='ocrx_word' id='word_1_2' title='bbox 45 1057 65 1231; x_wconf 56' lang='lat' dir='ltr'>-u</span> <span class='ocrx_word' id='word_1_3' title='bbox 45 809 75 982; x_wconf 59' lang='grc' dir='ltr'>μετ-πε</span> <span class='ocrx_word' id='word_1_4' title='bbox 47 687 79 736; x_wconf 62' lang='lat' dir='ltr'>‘nn</span> 
     </span>
    </p>
   </div>
   <div class='ocr_carea' id='block_1_2' title="bbox 1299 507 2819 576">
    <p class='ocr_par' dir='ltr' id='par_1_2' title="bbox 1299 507 2819 576">
     <span class='ocr_line' id='line_1_2' title="bbox 1299 507 2819 576; baseline 0 -2"><span class='ocrx_word' id='word_1_5' title='bbox 1299 520 1574 576; x_wconf 73' lang='lat' dir='ltr'>omns</span> <span class='ocrx_word' id='word_1_6' title='bbox 1623 520 1989 575; x_wconf 56' lang='lat' dir='ltr'>seruatus,</span> <span class='ocrx_word' id='word_1_7' title='bbox 2679 507 2819 575; x_wconf 84' lang='lat'>463</span> 
     </span>
    </p>
   </div>
   <div class='ocr_carea' id='block_1_3' title="bbox 471 663 2830 1727">
    <p class='ocr_par' dir='ltr' id='par_1_3' title="bbox 471 663 2830 1727">
     <span class='ocr_line' id='line_1_3' title="bbox 474 663 2825 764; baseline -0.004 -19"><span class='ocrx_word' id='word_1_8' title='bbox 474 671 668 746; x_wconf 90' lang='lat' dir='ltr'>unde</span> <span class='ocrx_word' id='word_1_9' title='bbox 698 663 770 762; x_wconf 80' lang='lat'>(¹)</span> <span class='ocrx_word' id='word_1_10' title='bbox 827 669 1043 742; x_wconf 93' lang='lat' dir='ltr'>multi</span> <span class='ocrx_word' id='word_1_11' title='bbox 1093 676 1168 744; x_wconf 90' lang='lat' dir='ltr'>et</span> <span class='ocrx_word' id='word_1_12' title='bbox 1218 668 1470 764; x_wconf 83' lang='lat' dir='ltr'>magni</span> <span class='ocrx_word' id='word_1_13' title='bbox 1521 668 1799 763; x_wconf 85' lang='lat' dir='ltr'><strong>scopuli</strong></span> <span class='ocrx_word' id='word_1_14' title='bbox 1836 672 2008 741; x_wconf 88' lang='lat' dir='ltr'>sunt</span> <span class='ocrx_word' id='word_1_15' title='bbox 2057 666 2131 739; x_wconf 93' lang='lat' dir='ltr'>in</span> <span class='ocrx_word' id='word_1_16' title='bbox 2182 666 2321 739; x_wconf 91' lang='lat' dir='ltr'>isto</span> <span class='ocrx_word' id='word_1_17' title='bbox 2371 665 2825 760; x_wconf 87' lang='lat' dir='ltr'>capitulo.—</span> 
     </span>
     <span class='ocr_line' id='line_1_4' title="bbox 471 781 2821 884; baseline -0.002 -19"><span class='ocrx_word' id='word_1_18' title='bbox 471 798 632 865; x_wconf 81' lang='lat' dir='ltr'>Per.</span> <span class='ocrx_word' id='word_1_19' title='bbox 685 792 897 864; x_wconf 92' lang='lat' dir='ltr'>Nunc</span> <span class='ocrx_word' id='word_1_20' title='bbox 948 789 1244 864; x_wconf 82' lang='lat' dir='ltr'>Beatrix</span> <span class='ocrx_word' id='word_1_21' title='bbox 1284 789 1500 884; x_wconf 80' lang='lat' dir='ltr'>juxta</span> <span class='ocrx_word' id='word_1_22' title='bbox 1553 787 2004 883; x_wconf 91' lang='lat' dir='ltr'>promissum</span> <span class='ocrx_word' id='word_1_23' title='bbox 2042 786 2198 862; x_wconf 88' lang='lat' dir='ltr'>vult</span> <span class='ocrx_word' id='word_1_24' title='bbox 2229 785 2517 861; x_wconf 83' lang='lat' dir='ltr'>solvere</span> <span class='ocrx_word' id='word_1_25' title='bbox 2551 781 2821 862; x_wconf 84' lang='lat' dir='ltr'>tactam</span> 
     </span>
     <span class='ocr_line' id='line_1_5' title="bbox 478 907 2825 1007; baseline -0.002 -21"><span class='ocrx_word' id='word_1_26' title='bbox 478 911 1000 1007; x_wconf 81' lang='lat' dir='ltr'>quaestionem3</span> <span class='ocrx_word' id='word_1_27' title='bbox 1055 916 1129 985; x_wconf 91' lang='lat' dir='ltr'>et</span> <span class='ocrx_word' id='word_1_28' title='bbox 1178 909 1417 1005; x_wconf 92' lang='lat' dir='ltr'>primo</span> <span class='ocrx_word' id='word_1_29' title='bbox 1466 908 1841 1003; x_wconf 82' lang='lat' dir='ltr'>praemittit</span> <span class='ocrx_word' id='word_1_30' title='bbox 1895 907 2236 981; x_wconf 87' lang='lat' dir='ltr'>morbum</span> <span class='ocrx_word' id='word_1_31' title='bbox 2293 912 2377 979; x_wconf 94' lang='lat' dir='ltr'>ut</span> <span class='ocrx_word' id='word_1_32' title='bbox 2425 908 2825 1000; x_wconf 86' lang='lat' dir='ltr'>praeveniat</span> 
     </span>
     <span class='ocr_line' id='line_1_6' title="bbox 475 1026 2830 1122; baseline -0.003 -15"><span class='ocrx_word' id='word_1_33' title='bbox 475 1031 720 1107; x_wconf 88' lang='lat' dir='ltr'>debito</span> <span class='ocrx_word' id='word_1_34' title='bbox 770 1031 1026 1105; x_wconf 81' lang='lat' dir='ltr'><strong>ordine</strong></span> <span class='ocrx_word' id='word_1_35' title='bbox 1075 1030 1169 1105; x_wconf 93' lang='lat' dir='ltr'>ad</span> <span class='ocrx_word' id='word_1_36' title='bbox 1223 1028 1673 1104; x_wconf 89' lang='lat' dir='ltr'>remedium:</span> <span class='ocrx_word' id='word_1_37' title='bbox 1717 1034 1789 1102; x_wconf 91' lang='lat' dir='ltr'>et</span> <span class='ocrx_word' id='word_1_38' title='bbox 1840 1026 2013 1100; x_wconf 88' lang='lat' dir='ltr'>dicit</span> <span class='ocrx_word' id='word_1_39' title='bbox 2053 1026 2399 1120; x_wconf 86' lang='lat' dir='ltr'>breviter,</span> <span class='ocrx_word' id='word_1_40' title='bbox 2444 1026 2642 1120; x_wconf 88' lang='lat' dir='ltr'>quod</span> <span class='ocrx_word' id='word_1_41' title='bbox 2678 1028 2830 1122; x_wconf 91' lang='lat' dir='ltr'>pri-</span> 
     </span>
     <span class='ocr_line' id='line_1_7' title="bbox 475 1147 2827 1246; baseline -0.001 -22"><span class='ocrx_word' id='word_1_42' title='bbox 475 1172 645 1224; x_wconf 92' lang='lat' dir='ltr'>mus</span> <span class='ocrx_word' id='word_1_43' title='bbox 677 1171 942 1246; x_wconf 90' lang='lat' dir='ltr'>parens</span> <span class='ocrx_word' id='word_1_44' title='bbox 976 1148 1465 1224; x_wconf 76' lang='lat' dir='ltr'>inobedientia</span> <span class='ocrx_word' id='word_1_45' title='bbox 1500 1168 1635 1221; x_wconf 89' lang='lat' dir='ltr'>sua</span> <span class='ocrx_word' id='word_1_46' title='bbox 1669 1147 2046 1221; x_wconf 87' lang='lat' dir='ltr'>damnavit</span> <span class='ocrx_word' id='word_1_47' title='bbox 2079 1167 2160 1220; x_wconf 91' lang='lat' dir='ltr'>se</span> <span class='ocrx_word' id='word_1_48' title='bbox 2203 1153 2277 1221; x_wconf 89' lang='lat' dir='ltr'>et</span> <span class='ocrx_word' id='word_1_49' title='bbox 2321 1153 2556 1220; x_wconf 94' lang='lat' dir='ltr'>totum</span> <span class='ocrx_word' id='word_1_50' title='bbox 2593 1168 2827 1244; x_wconf 83' lang='lat' dir='ltr'>genus</span> 
     </span>
     <span class='ocr_line' id='line_1_8' title="bbox 479 1266 2829 1364; baseline -0.001 -21"><span class='ocrx_word' id='word_1_51' title='bbox 479 1272 914 1343; x_wconf 90' lang='lat' dir='ltr'>humanum.</span> <span class='ocrx_word' id='word_1_52' title='bbox 985 1269 1169 1344; x_wconf 85' lang='lat' dir='ltr'>Dicit</span> <span class='ocrx_word' id='word_1_53' title='bbox 1228 1289 1456 1364; x_wconf 84' lang='lat' dir='ltr'>ergo:</span> <span class='ocrx_word' id='word_1_54' title='bbox 1520 1270 1732 1356; x_wconf 81' lang='lat' dir='ltr'>Quell’</span> <span class='ocrx_word' id='word_1_55' title='bbox 1757 1287 1945 1358; x_wconf 84' lang='lat' dir='ltr'>uom,</span> <span class='ocrx_word' id='word_1_56' title='bbox 2009 1266 2310 1362; x_wconf 90' lang='lat' dir='ltr'>scilicet,</span> <span class='ocrx_word' id='word_1_57' title='bbox 2380 1267 2636 1361; x_wconf 83' lang='lat' dir='ltr'>Adam,</span> <span class='ocrx_word' id='word_1_58' title='bbox 2709 1271 2829 1342; x_wconf 76' lang='lat' dir='ltr'>che</span> 
     </span>
     <span class='ocr_line' id='line_1_9' title="bbox 476 1388 2825 1485; baseline 0.001 -22"><span class='ocrx_word' id='word_1_59' title='bbox 476 1411 620 1463; x_wconf 81' lang='lat' dir='ltr'>non</span> <span class='ocrx_word' id='word_1_60' title='bbox 667 1408 960 1483; x_wconf 75' lang='lat' dir='ltr'>uaeque,</span> <span class='ocrx_word' id='word_1_61' title='bbox 1014 1411 1186 1464; x_wconf 92' lang='lat' dir='ltr'>nam</span> <span class='ocrx_word' id='word_1_62' title='bbox 1239 1391 1522 1485; x_wconf 90' lang='lat' dir='ltr'>primus</span> <span class='ocrx_word' id='word_1_63' title='bbox 1573 1390 1797 1462; x_wconf 92' lang='lat' dir='ltr'>bomo</span> <span class='ocrx_word' id='word_1_64' title='bbox 1865 1393 2083 1461; x_wconf 89' lang='lat' dir='ltr'>natus</span> <span class='ocrx_word' id='word_1_65' title='bbox 2140 1394 2251 1461; x_wconf 91' lang='lat' dir='ltr'>est</span> <span class='ocrx_word' id='word_1_66' title='bbox 2311 1407 2449 1462; x_wconf 90' lang='lat' dir='ltr'>nec</span> <span class='ocrx_word' id='word_1_67' title='bbox 2511 1388 2602 1464; x_wconf 91' lang='lat' dir='ltr'>de</span> <span class='ocrx_word' id='word_1_68' title='bbox 2663 1391 2825 1465; x_wconf 84' lang='lat' dir='ltr'>viro</span> 
     </span>
     <span class='ocr_line' id='line_1_10' title="bbox 473 1508 2824 1605; baseline -0 -21"><span class='ocrx_word' id='word_1_69' title='bbox 473 1530 610 1585; x_wconf 90' lang='lat' dir='ltr'>nec</span> <span class='ocrx_word' id='word_1_70' title='bbox 661 1511 755 1586; x_wconf 92' lang='lat' dir='ltr'>de</span> <span class='ocrx_word' id='word_1_71' title='bbox 805 1511 1142 1605; x_wconf 89' lang='lat' dir='ltr'>muliere,</span> <span class='ocrx_word' id='word_1_72' title='bbox 1196 1510 1468 1585; x_wconf 89' lang='lat' dir='ltr'>scilicet</span> <span class='ocrx_word' id='word_1_73' title='bbox 1513 1508 1786 1602; x_wconf 83' lang='lat' dir='ltr'>Adam3</span> <span class='ocrx_word' id='word_1_74' title='bbox 1837 1508 1990 1583; x_wconf 94' lang='lat' dir='ltr'>imo</span> <span class='ocrx_word' id='word_1_75' title='bbox 2042 1508 2402 1582; x_wconf 83' lang='lat' dir='ltr'>formatus</span> <span class='ocrx_word' id='word_1_76' title='bbox 2454 1530 2682 1583; x_wconf 89' lang='lat' dir='ltr'>manu</span> <span class='ocrx_word' id='word_1_77' title='bbox 2716 1510 2824 1583; x_wconf 88' lang='lat' dir='ltr'>di-</span> 
     </span>
     <span class='ocr_line' id='line_1_11' title="bbox 473 1631 2825 1727; baseline -0.001 -21"><span class='ocrx_word' id='word_1_78' title='bbox 473 1634 670 1727; x_wconf 85' lang='lat' dir='ltr'>vina,</span> <span class='ocrx_word' id='word_1_79' title='bbox 720 1633 886 1708; x_wconf 92' lang='lat' dir='ltr'>ideo</span> <span class='ocrx_word' id='word_1_80' title='bbox 938 1632 1327 1727; x_wconf 75' lang='lat' dir='ltr'>perfectior</span> <span class='ocrx_word' id='word_1_81' title='bbox 1380 1632 1614 1726; x_wconf 86' lang='lat' dir='ltr'>magis</span> <span class='ocrx_word' id='word_1_82' title='bbox 1657 1631 2025 1726; x_wconf 89' lang='lat' dir='ltr'>peccavit:</span> <span class='ocrx_word' id='word_1_83' title='bbox 2064 1631 2431 1705; x_wconf 91' lang='lat' dir='ltr'>secundus</span> <span class='ocrx_word' id='word_1_84' title='bbox 2467 1637 2682 1706; x_wconf 88' lang='lat' dir='ltr'>natus</span> <span class='ocrx_word' id='word_1_85' title='bbox 2715 1637 2825 1706; x_wconf 89' lang='lat' dir='ltr'>est</span> 
     </span>
    </p>
   </div>
   <div class='ocr_carea' id='block_1_4' title="bbox 372 1751 2826 1847">
    <p class='ocr_par' dir='ltr' id='par_1_4' title="bbox 372 1751 2826 1847">
     <span class='ocr_line' id='line_1_12' title="bbox 372 1751 2826 1847; baseline -0.001 -20"><span class='ocrx_word' id='word_1_86' title='bbox 372 1793 385 1802; x_wconf 73' lang='grc'>·</span> <span class='ocrx_word' id='word_1_87' title='bbox 475 1752 570 1827; x_wconf 92' lang='lat' dir='ltr'>de</span> <span class='ocrx_word' id='word_1_88' title='bbox 596 1752 757 1826; x_wconf 82' lang='lat' dir='ltr'>viro</span> <span class='ocrx_word' id='word_1_89' title='bbox 785 1752 943 1826; x_wconf 90' lang='lat' dir='ltr'>sine</span> <span class='ocrx_word' id='word_1_90' title='bbox 979 1751 1315 1847; x_wconf 90' lang='lat' dir='ltr'>muliere,</span> <span class='ocrx_word' id='word_1_91' title='bbox 1344 1751 1617 1825; x_wconf 90' lang='lat' dir='ltr'>scilicet</span> <span class='ocrx_word' id='word_1_92' title='bbox 1651 1751 1891 1826; x_wconf 88' lang='lat' dir='ltr'>Heva:</span> <span class='ocrx_word' id='word_1_93' title='bbox 1928 1751 2188 1825; x_wconf 89' lang='lat' dir='ltr'>tertius</span> <span class='ocrx_word' id='word_1_94' title='bbox 2228 1751 2319 1825; x_wconf 90' lang='lat' dir='ltr'>de</span> <span class='ocrx_word' id='word_1_95' title='bbox 2355 1752 2513 1825; x_wconf 85' lang='lat' dir='ltr'>viro</span> <span class='ocrx_word' id='word_1_96' title='bbox 2548 1757 2624 1826; x_wconf 88' lang='lat' dir='ltr'>et</span> <span class='ocrx_word' id='word_1_97' title='bbox 2655 1773 2826 1825; x_wconf 93' lang='lat' dir='ltr'>mu-</span> 
     </span>
    </p>
   </div>
   <div class='ocr_carea' id='block_1_5' title="bbox 477 1871 2839 4494">
    <p class='ocr_par' dir='ltr' id='par_1_5' title="bbox 477 1871 2839 4494">
     <span class='ocr_line' id='line_1_13' title="bbox 478 1871 2829 1966; baseline 0 -22"><span class='ocrx_word' id='word_1_98' title='bbox 478 1872 679 1966; x_wconf 90' lang='lat' dir='ltr'>liere,</span> <span class='ocrx_word' id='word_1_99' title='bbox 711 1871 897 1947; x_wconf 91' lang='lat' dir='ltr'>sicut</span> <span class='ocrx_word' id='word_1_100' title='bbox 920 1873 1166 1947; x_wconf 82' lang='lat' dir='ltr'>caeteri</span> <span class='ocrx_word' id='word_1_101' title='bbox 1194 1871 1948 1966; x_wconf 79' lang='lat' dir='ltr'>concupiscentialiter</span> <span class='ocrx_word' id='word_1_102' title='bbox 1975 1871 2161 1944; x_wconf 90' lang='lat' dir='ltr'>nati:</span> <span class='ocrx_word' id='word_1_103' title='bbox 2191 1878 2503 1965; x_wconf 88' lang='lat' dir='ltr'>quartus</span> <span class='ocrx_word' id='word_1_104' title='bbox 2540 1871 2633 1948; x_wconf 89' lang='lat' dir='ltr'>de</span> <span class='ocrx_word' id='word_1_105' title='bbox 2660 1894 2829 1945; x_wconf 94' lang='lat' dir='ltr'>mu-</span> 
     </span>
     <span class='ocr_line' id='line_1_14' title="bbox 479 1991 2828 2086; baseline 0 -21"><span class='ocrx_word' id='word_1_106' title='bbox 479 1992 659 2067; x_wconf 89' lang='lat' dir='ltr'>liere</span> <span class='ocrx_word' id='word_1_107' title='bbox 698 1992 854 2067; x_wconf 91' lang='lat' dir='ltr'>sine</span> <span class='ocrx_word' id='word_1_108' title='bbox 895 1993 1177 2067; x_wconf 91' lang='lat' dir='ltr'>semine</span> <span class='ocrx_word' id='word_1_109' title='bbox 1215 1991 1402 2066; x_wconf 87' lang='lat' dir='ltr'>virili</span> <span class='ocrx_word' id='word_1_110' title='bbox 1447 1991 1988 2086; x_wconf 15' lang='lat' dir='ltr'>per-&amp;virtutem</span> <span class='ocrx_word' id='word_1_111' title='bbox 2032 1991 2471 2085; x_wconf 81' lang='lat' dir='ltr'>operationis</span> <span class='ocrx_word' id='word_1_112' title='bbox 2515 1991 2828 2085; x_wconf 89' lang='lat' dir='ltr'>Summi,</span> 
     </span>
     <span class='ocr_line' id='line_1_15' title="bbox 479 2103 2827 2207; baseline -0.001 -19"><span class='ocrx_word' id='word_1_113' title='bbox 479 2113 752 2188; x_wconf 90' lang='lat' dir='ltr'>scilicet</span> <span class='ocrx_word' id='word_1_114' title='bbox 779 2114 1131 2207; x_wconf 91' lang='lat' dir='ltr'>Christus,</span> <span class='ocrx_word' id='word_1_115' title='bbox 1158 2112 1285 2207; x_wconf 88' lang='lat' dir='ltr'>qui</span> <span class='ocrx_word' id='word_1_116' title='bbox 1314 2112 1626 2186; x_wconf 88' lang='lat' dir='ltr'>redemit</span> <span class='ocrx_word' id='word_1_117' title='bbox 1660 2131 1958 2205; x_wconf 89' lang='lat' dir='ltr'>omnes;</span> <span class='ocrx_word' id='word_1_118' title='bbox 1987 2103 2227 2184; x_wconf 74' lang='lat' dir='ltr'>dunno</span> <span class='ocrx_word' id='word_1_119' title='bbox 2255 2119 2423 2186; x_wconf 77' lang='lat' dir='ltr'>tulta</span> <span class='ocrx_word' id='word_1_120' title='bbox 2447 2134 2579 2185; x_wconf 82' lang='lat' dir='ltr'>sua</span> <span class='ocrx_word' id='word_1_121' title='bbox 2595 2117 2827 2205; x_wconf 82' lang='lat' dir='ltr'>prole,</span> 
     </span>
     <span class='ocr_line' id='line_1_16' title="bbox 479 2227 2831 2326; baseline -0 -21"><span class='ocrx_word' id='word_1_122' title='bbox 479 2231 661 2307; x_wconf 88' lang='lat' dir='ltr'>idest</span> <span class='ocrx_word' id='word_1_123' title='bbox 714 2232 1206 2307; x_wconf 88' lang='lat' dir='ltr'>successivam</span> <span class='ocrx_word' id='word_1_124' title='bbox 1258 2231 1787 2326; x_wconf 81' lang='lat' dir='ltr'>posteritatem,</span> <span class='ocrx_word' id='word_1_125' title='bbox 1837 2232 2234 2303; x_wconf 66' lang='lat' dir='ltr'>damnando</span> <span class='ocrx_word' id='word_1_126' title='bbox 2274 2227 2373 2323; x_wconf 63' lang='lat' dir='ltr'>sd,</span> <span class='ocrx_word' id='word_1_127' title='bbox 2409 2231 2583 2326; x_wconf 88' lang='lat' dir='ltr'>quia</span> <span class='ocrx_word' id='word_1_128' title='bbox 2634 2231 2831 2306; x_wconf 90' lang='lat' dir='ltr'>enim</span> 
     </span>
     <span class='ocr_line' id='line_1_17' title="bbox 477 2351 2831 2447; baseline 0 -22"><span class='ocrx_word' id='word_1_129' title='bbox 477 2352 774 2446; x_wconf 90' lang='lat' dir='ltr'>spiritus</span> <span class='ocrx_word' id='word_1_130' title='bbox 828 2374 974 2427; x_wconf 90' lang='lat' dir='ltr'>non</span> <span class='ocrx_word' id='word_1_131' title='bbox 1027 2352 1347 2426; x_wconf 89' lang='lat' dir='ltr'>obedivit</span> <span class='ocrx_word' id='word_1_132' title='bbox 1398 2353 1549 2426; x_wconf 90' lang='lat' dir='ltr'>Deo</span> <span class='ocrx_word' id='word_1_133' title='bbox 1591 2353 1820 2447; x_wconf 90' lang='lat' dir='ltr'>justo,</span> <span class='ocrx_word' id='word_1_134' title='bbox 1849 2351 2128 2447; x_wconf 91' lang='lat' dir='ltr'>judicio</span> <span class='ocrx_word' id='word_1_135' title='bbox 2179 2352 2310 2426; x_wconf 91' lang='lat' dir='ltr'>Dei</span> <span class='ocrx_word' id='word_1_136' title='bbox 2360 2352 2616 2425; x_wconf 92' lang='lat' dir='ltr'>habuit</span> <span class='ocrx_word' id='word_1_137' title='bbox 2666 2371 2831 2425; x_wconf 91' lang='lat' dir='ltr'>cor-</span> 
     </span>
     <span class='ocr_line' id='line_1_18' title="bbox 482 2472 2826 2567; baseline 0 -23"><span class='ocrx_word' id='word_1_138' title='bbox 482 2493 621 2567; x_wconf 92' lang='lat' dir='ltr'>pus</span> <span class='ocrx_word' id='word_1_139' title='bbox 672 2473 807 2545; x_wconf 93' lang='lat' dir='ltr'>sibi</span> <span class='ocrx_word' id='word_1_140' title='bbox 860 2472 1153 2547; x_wconf 84' lang='lat' dir='ltr'>rebelle.</span> <span class='ocrx_word' id='word_1_141' title='bbox 1207 2473 1524 2547; x_wconf 91' lang='lat' dir='ltr'>Dederat</span> <span class='ocrx_word' id='word_1_142' title='bbox 1577 2473 1772 2546; x_wconf 93' lang='lat' dir='ltr'>enim</span> <span class='ocrx_word' id='word_1_143' title='bbox 1825 2474 2022 2546; x_wconf 92' lang='lat' dir='ltr'>Deus</span> <span class='ocrx_word' id='word_1_144' title='bbox 2086 2473 2359 2547; x_wconf 91' lang='lat' dir='ltr'>bomini</span> <span class='ocrx_word' id='word_1_145' title='bbox 2415 2472 2826 2546; x_wconf 87' lang='lat' dir='ltr'>libertatem</span> 
     </span>
     <span class='ocr_line' id='line_1_19' title="bbox 480 2575 2829 2689; baseline 0 -23"><span class='ocrx_word' id='word_1_146' title='bbox 480 2592 758 2666; x_wconf 88' lang='lat' dir='ltr'>arbitrii</span> <span class='ocrx_word' id='word_1_147' title='bbox 813 2599 894 2665; x_wconf 90' lang='lat' dir='ltr'>ut</span> <span class='ocrx_word' id='word_1_148' title='bbox 938 2575 1155 2667; x_wconf 61' lang='lat' dir='ltr'>&#39;fieret</span> <span class='ocrx_word' id='word_1_149' title='bbox 1202 2593 1608 2689; x_wconf 84' lang='lat' dir='ltr'>gloriosior,</span> <span class='ocrx_word' id='word_1_150' title='bbox 1646 2614 1794 2667; x_wconf 90' lang='lat' dir='ltr'>non</span> <span class='ocrx_word' id='word_1_151' title='bbox 1841 2594 2236 2689; x_wconf 90' lang='lat' dir='ltr'>peccando,</span> <span class='ocrx_word' id='word_1_152' title='bbox 2273 2594 2610 2668; x_wconf 89' lang='lat' dir='ltr'>babendo</span> <span class='ocrx_word' id='word_1_153' title='bbox 2657 2613 2829 2688; x_wconf 91' lang='lat' dir='ltr'>pec-</span> 
     </span>
     <span class='ocr_line' id='line_1_20' title="bbox 481 2711 2828 2809; baseline 0.001 -24"><span class='ocrx_word' id='word_1_154' title='bbox 481 2711 688 2786; x_wconf 89' lang='lat' dir='ltr'>candi</span> <span class='ocrx_word' id='word_1_155' title='bbox 741 2718 1213 2806; x_wconf 84' lang='lat' dir='ltr'>potestatem3</span> <span class='ocrx_word' id='word_1_156' title='bbox 1268 2712 1393 2786; x_wconf 89' lang='lat' dir='ltr'>sed</span> <span class='ocrx_word' id='word_1_157' title='bbox 1443 2712 1598 2807; x_wconf 92' lang='lat' dir='ltr'>ipse</span> <span class='ocrx_word' id='word_1_158' title='bbox 1647 2713 1994 2787; x_wconf 91' lang='lat' dir='ltr'>continuo</span> <span class='ocrx_word' id='word_1_159' title='bbox 2030 2719 2530 2809; x_wconf 84' lang='lat' dir='ltr'>transgressus</span> <span class='ocrx_word' id='word_1_160' title='bbox 2574 2719 2685 2787; x_wconf 90' lang='lat' dir='ltr'>est</span> <span class='ocrx_word' id='word_1_161' title='bbox 2723 2714 2828 2787; x_wconf 89' lang='lat' dir='ltr'>le-</span> 
     </span>
     <span class='ocr_line' id='line_1_21' title="bbox 477 2832 2828 2930; baseline 0 -24"><span class='ocrx_word' id='word_1_162' title='bbox 477 2853 647 2930; x_wconf 85' lang='lat' dir='ltr'>gem</span> <span class='ocrx_word' id='word_1_163' title='bbox 703 2833 838 2907; x_wconf 92' lang='lat' dir='ltr'>sibi</span> <span class='ocrx_word' id='word_1_164' title='bbox 888 2833 1134 2908; x_wconf 90' lang='lat' dir='ltr'>datam</span> <span class='ocrx_word' id='word_1_165' title='bbox 1153 2858 1172 2928; x_wconf 83' lang='lat'>3</span> <span class='ocrx_word' id='word_1_166' title='bbox 1221 2833 1415 2907; x_wconf 90' lang='lat' dir='ltr'>unde</span> <span class='ocrx_word' id='word_1_167' title='bbox 1461 2832 1667 2907; x_wconf 89' lang='lat' dir='ltr'>dicit:</span> <span class='ocrx_word' id='word_1_168' title='bbox 1703 2856 1837 2927; x_wconf 85' lang='lat' dir='ltr'>per</span> <span class='ocrx_word' id='word_1_169' title='bbox 1879 2856 2024 2907; x_wconf 80' lang='lat' dir='ltr'>non</span> <span class='ocrx_word' id='word_1_170' title='bbox 2058 2836 2366 2927; x_wconf 78' lang='lat' dir='ltr'>soffrire,</span> <span class='ocrx_word' id='word_1_171' title='bbox 2411 2834 2616 2926; x_wconf 88' lang='lat' dir='ltr'>idest,</span> <span class='ocrx_word' id='word_1_172' title='bbox 2654 2833 2828 2926; x_wconf 91' lang='lat' dir='ltr'>quia</span> 
     </span>
     <span class='ocr_line' id='line_1_22' title="bbox 478 2946 2828 3058; baseline 0.001 -32"><span class='ocrx_word' id='word_1_173' title='bbox 478 2954 713 3027; x_wconf 91' lang='lat' dir='ltr'>noluit</span> <span class='ocrx_word' id='word_1_174' title='bbox 776 2954 924 3049; x_wconf 90' lang='lat' dir='ltr'>pati</span> <span class='ocrx_word' id='word_1_175' title='bbox 952 2955 1223 3058; x_wconf 71' lang='lat' dir='ltr'>⁸legem</span> <span class='ocrx_word' id='word_1_176' title='bbox 1259 2946 1356 3047; x_wconf 76' lang='lat'>(²),</span> <span class='ocrx_word' id='word_1_177' title='bbox 1419 2957 1568 3027; x_wconf 86' lang='lat' dir='ltr'>alla</span> <span class='ocrx_word' id='word_1_178' title='bbox 1626 2950 1850 3046; x_wconf 62' lang='lat' dir='ltr'>verta),</span> <span class='ocrx_word' id='word_1_179' title='bbox 1915 2955 2207 3048; x_wconf 87' lang='lat' dir='ltr'>scilicet,</span> <span class='ocrx_word' id='word_1_180' title='bbox 2269 2955 2828 3050; x_wconf 86' lang='lat' dir='ltr'>concupiscibili,</span> 
     </span>
     <span class='ocr_line' id='line_1_23' title="bbox 479 3074 2829 3171; baseline 0.001 -26"><span class='ocrx_word' id='word_1_181' title='bbox 479 3075 598 3145; x_wconf 76' lang='lat' dir='ltr'>che</span> <span class='ocrx_word' id='word_1_182' title='bbox 637 3076 835 3146; x_wconf 83' lang='lat' dir='ltr'>vuole</span> <span class='ocrx_word' id='word_1_183' title='bbox 862 3079 1096 3168; x_wconf 74' lang='lat' dir='ltr'>frene,</span> <span class='ocrx_word' id='word_1_184' title='bbox 1134 3075 1406 3149; x_wconf 90' lang='lat' dir='ltr'>scilicet</span> <span class='ocrx_word' id='word_1_185' title='bbox 1457 3074 1658 3170; x_wconf 81' lang='lat' dir='ltr'>legiS,</span> <span class='ocrx_word' id='word_1_186' title='bbox 1695 3095 1745 3146; x_wconf 87' lang='lat' dir='ltr'>a</span> <span class='ocrx_word' id='word_1_187' title='bbox 1788 3098 1918 3150; x_wconf 79' lang='lat' dir='ltr'>suo</span> <span class='ocrx_word' id='word_1_188' title='bbox 1948 3080 2200 3168; x_wconf 82' lang='lat' dir='ltr'>prode,</span> <span class='ocrx_word' id='word_1_189' title='bbox 2238 3076 2442 3171; x_wconf 91' lang='lat' dir='ltr'>idest,</span> <span class='ocrx_word' id='word_1_190' title='bbox 2475 3076 2568 3150; x_wconf 89' lang='lat' dir='ltr'>ad</span> <span class='ocrx_word' id='word_1_191' title='bbox 2608 3096 2829 3150; x_wconf 90' lang='lat' dir='ltr'>suum</span> 
     </span>
     <span class='ocr_line' id='line_1_24' title="bbox 482 3192 2828 3292; baseline 0.002 -27"><span class='ocrx_word' id='word_1_192' title='bbox 482 3192 896 3286; x_wconf 80' lang='lat' dir='ltr'>profectum</span> <span class='ocrx_word' id='word_1_193' title='bbox 966 3201 1041 3270; x_wconf 93' lang='lat' dir='ltr'>et</span> <span class='ocrx_word' id='word_1_194' title='bbox 1109 3195 1488 3291; x_wconf 90' lang='lat' dir='ltr'>meritum,</span> <span class='ocrx_word' id='word_1_195' title='bbox 1559 3197 1779 3290; x_wconf 88' lang='lat' dir='ltr'>quale</span> <span class='ocrx_word' id='word_1_196' title='bbox 1848 3196 1984 3269; x_wconf 83' lang='lat' dir='ltr'>fuit</span> <span class='ocrx_word' id='word_1_197' title='bbox 2059 3195 2505 3292; x_wconf 85' lang='lat' dir='ltr'>praeceptum</span> <span class='ocrx_word' id='word_1_198' title='bbox 2576 3197 2828 3271; x_wconf 89' lang='lat' dir='ltr'>datum</span> 
     </span>
     <span class='ocr_line' id='line_1_25' title="bbox 481 3310 2828 3411; baseline 0.003 -27"><span class='ocrx_word' id='word_1_199' title='bbox 481 3310 655 3386; x_wconf 84' lang='lat' dir='ltr'>Adae</span> <span class='ocrx_word' id='word_1_200' title='bbox 720 3334 765 3387; x_wconf 99' lang='lat' dir='ltr'>a</span> <span class='ocrx_word' id='word_1_201' title='bbox 815 3314 1145 3389; x_wconf 90' lang='lat' dir='ltr'>Domino.</span> <span class='ocrx_word' id='word_1_202' title='bbox 1201 3317 1289 3388; x_wconf 91' lang='lat' dir='ltr'>Et</span> <span class='ocrx_word' id='word_1_203' title='bbox 1355 3315 1598 3390; x_wconf 91' lang='lat' dir='ltr'>subdit</span> <span class='ocrx_word' id='word_1_204' title='bbox 1655 3316 2100 3411; x_wconf 83' lang='lat' dir='ltr'>gravitatem</span> <span class='ocrx_word' id='word_1_205' title='bbox 2153 3325 2227 3392; x_wconf 91' lang='lat' dir='ltr'>et</span> <span class='ocrx_word' id='word_1_206' title='bbox 2275 3317 2828 3391; x_wconf 88' lang='lat' dir='ltr'>diuturnitatem</span> 
     </span>
     <span class='ocr_line' id='line_1_26' title="bbox 485 3431 2831 3529; baseline 0.003 -25"><span class='ocrx_word' id='word_1_207' title='bbox 485 3431 690 3507; x_wconf 88' lang='lat' dir='ltr'>istius</span> <span class='ocrx_word' id='word_1_208' title='bbox 742 3435 989 3529; x_wconf 86' lang='lat' dir='ltr'>magni</span> <span class='ocrx_word' id='word_1_209' title='bbox 1044 3436 1305 3529; x_wconf 86' lang='lat' dir='ltr'>morbi,</span> <span class='ocrx_word' id='word_1_210' title='bbox 1359 3435 1453 3510; x_wconf 93' lang='lat' dir='ltr'>ad</span> <span class='ocrx_word' id='word_1_211' title='bbox 1503 3455 1727 3529; x_wconf 90' lang='lat' dir='ltr'>quem</span> <span class='ocrx_word' id='word_1_212' title='bbox 1781 3457 1931 3510; x_wconf 92' lang='lat' dir='ltr'>non</span> <span class='ocrx_word' id='word_1_213' title='bbox 1982 3438 2182 3511; x_wconf 83' lang='lat' dir='ltr'>venit</span> <span class='ocrx_word' id='word_1_214' title='bbox 2233 3438 2644 3512; x_wconf 90' lang='lat' dir='ltr'>remedium</span> <span class='ocrx_word' id='word_1_215' title='bbox 2699 3437 2831 3512; x_wconf 90' lang='lat' dir='ltr'>nisi</span> 
     </span>
     <span class='ocr_line' id='line_1_27' title="bbox 483 3555 2832 3653; baseline 0.004 -29"><span class='ocrx_word' id='word_1_216' title='bbox 483 3558 644 3645; x_wconf 92' lang='lat' dir='ltr'>post</span> <span class='ocrx_word' id='word_1_217' title='bbox 679 3555 911 3628; x_wconf 89' lang='lat' dir='ltr'>multa</span> <span class='ocrx_word' id='word_1_218' title='bbox 949 3555 1175 3629; x_wconf 92' lang='lat' dir='ltr'>millia</span> <span class='ocrx_word' id='word_1_219' title='bbox 1217 3576 1607 3629; x_wconf 91' lang='lat' dir='ltr'>annorum.</span> <span class='ocrx_word' id='word_1_220' title='bbox 1636 3556 1744 3629; x_wconf 86' lang='lat' dir='ltr'>Ad</span> <span class='ocrx_word' id='word_1_221' title='bbox 1784 3556 1983 3650; x_wconf 88' lang='lat' dir='ltr'>quod</span> <span class='ocrx_word' id='word_1_222' title='bbox 2026 3563 2137 3631; x_wconf 90' lang='lat' dir='ltr'>est</span> <span class='ocrx_word' id='word_1_223' title='bbox 2179 3558 2581 3632; x_wconf 88' lang='lat' dir='ltr'>notandum</span> <span class='ocrx_word' id='word_1_224' title='bbox 2634 3559 2832 3653; x_wconf 92' lang='lat' dir='ltr'>quod</span> 
     </span>
     <span class='ocr_line' id='line_1_28' title="bbox 483 3673 2833 3771; baseline 0.003 -25"><span class='ocrx_word' id='word_1_225' title='bbox 483 3673 648 3748; x_wconf 89' lang='lat' dir='ltr'>licet</span> <span class='ocrx_word' id='word_1_226' title='bbox 683 3675 880 3748; x_wconf 90' lang='lat' dir='ltr'>Deus</span> <span class='ocrx_word' id='word_1_227' title='bbox 914 3695 959 3748; x_wconf 99' lang='lat' dir='ltr'>a</span> <span class='ocrx_word' id='word_1_228' title='bbox 986 3674 1335 3770; x_wconf 89' lang='lat' dir='ltr'>principio</span> <span class='ocrx_word' id='word_1_229' title='bbox 1362 3676 1683 3771; x_wconf 89' lang='lat' dir='ltr'>potuerit</span> <span class='ocrx_word' id='word_1_230' title='bbox 1717 3676 2109 3771; x_wconf 90' lang='lat' dir='ltr'>incarnari,</span> <span class='ocrx_word' id='word_1_231' title='bbox 2147 3678 2378 3752; x_wconf 90' lang='lat' dir='ltr'>noluit</span> <span class='ocrx_word' id='word_1_232' title='bbox 2413 3685 2662 3754; x_wconf 87' lang='lat' dir='ltr'>tamen</span> <span class='ocrx_word' id='word_1_233' title='bbox 2699 3680 2833 3753; x_wconf 91' lang='lat' dir='ltr'>nisi</span> 
     </span>
     <span class='ocr_line' id='line_1_29' title="bbox 485 3792 2835 3893; baseline 0.003 -28"><span class='ocrx_word' id='word_1_234' title='bbox 485 3792 559 3866; x_wconf 94' lang='lat' dir='ltr'>in</span> <span class='ocrx_word' id='word_1_235' title='bbox 595 3792 743 3868; x_wconf 89' lang='lat' dir='ltr'>fine</span> <span class='ocrx_word' id='word_1_236' title='bbox 778 3796 1223 3869; x_wconf 86' lang='lat' dir='ltr'>saeculorum</span> <span class='ocrx_word' id='word_1_237' title='bbox 1259 3795 1717 3890; x_wconf 86' lang='lat' dir='ltr'>praecedente</span> <span class='ocrx_word' id='word_1_238' title='bbox 1752 3798 1917 3892; x_wconf 82' lang='lat' dir='ltr'>lege</span> <span class='ocrx_word' id='word_1_239' title='bbox 1952 3802 2238 3870; x_wconf 82' lang='lat' dir='ltr'>naturae</span> <span class='ocrx_word' id='word_1_240' title='bbox 2272 3804 2347 3871; x_wconf 90' lang='lat' dir='ltr'>et</span> <span class='ocrx_word' id='word_1_241' title='bbox 2384 3798 2639 3893; x_wconf 80' lang='lat' dir='ltr'>figurae</span> <span class='ocrx_word' id='word_1_242' title='bbox 2673 3806 2835 3893; x_wconf 87' lang='lat' dir='ltr'>post</span> 
     </span>
     <span class='ocr_line' id='line_1_30' title="bbox 483 3915 2834 4013; baseline 0.001 -25"><span class='ocrx_word' id='word_1_243' title='bbox 483 3915 937 4009; x_wconf 86' lang='lat' dir='ltr'>patriarchas</span> <span class='ocrx_word' id='word_1_244' title='bbox 988 3922 1063 3991; x_wconf 90' lang='lat' dir='ltr'>et</span> <span class='ocrx_word' id='word_1_245' title='bbox 1113 3917 1530 4011; x_wconf 88' lang='lat' dir='ltr'>prophetas,</span> <span class='ocrx_word' id='word_1_246' title='bbox 1582 3918 1849 4011; x_wconf 92' lang='lat' dir='ltr'>quibus</span> <span class='ocrx_word' id='word_1_247' title='bbox 1891 3923 1964 3991; x_wconf 95' lang='lat' dir='ltr'>et</span> <span class='ocrx_word' id='word_1_248' title='bbox 1997 3938 2130 4012; x_wconf 91' lang='lat' dir='ltr'>per</span> <span class='ocrx_word' id='word_1_249' title='bbox 2171 3939 2357 4013; x_wconf 87' lang='lat' dir='ltr'>quos</span> <span class='ocrx_word' id='word_1_250' title='bbox 2409 3918 2542 3991; x_wconf 83' lang='lat' dir='ltr'>suit</span> <span class='ocrx_word' id='word_1_251' title='bbox 2591 3919 2834 3993; x_wconf 90' lang='lat' dir='ltr'>incar-</span> 
     </span>
     <span class='ocr_line' id='line_1_31' title="bbox 483 4027 2835 4134; baseline 0.002 -28"><span class='ocrx_word' id='word_1_252' title='bbox 483 4034 681 4110; x_wconf 90' lang='lat' dir='ltr'>natio</span> <span class='ocrx_word' id='word_1_253' title='bbox 712 4036 1159 4131; x_wconf 89' lang='lat' dir='ltr'>repromissa</span> <span class='ocrx_word' id='word_1_254' title='bbox 1191 4027 1297 4131; x_wconf 73' lang='lat'>(⁹),</span> <span class='ocrx_word' id='word_1_255' title='bbox 1336 4043 1496 4131; x_wconf 90' lang='lat' dir='ltr'>post</span> <span class='ocrx_word' id='word_1_256' title='bbox 1530 4058 1717 4130; x_wconf 91' lang='lat' dir='ltr'>quos</span> <span class='ocrx_word' id='word_1_257' title='bbox 1751 4037 2118 4111; x_wconf 88' lang='lat' dir='ltr'>incarnari</span> <span class='ocrx_word' id='word_1_258' title='bbox 2155 4037 2491 4134; x_wconf 83' lang='lat' dir='ltr'>dignatus</span> <span class='ocrx_word' id='word_1_259' title='bbox 2526 4046 2835 4130; x_wconf 20' lang='lat' dir='ltr'>est-tan-</span> 
     </span>
     <span class='ocr_line' id='line_1_32' title="bbox 488 4155 2832 4252; baseline 0.003 -28"><span class='ocrx_word' id='word_1_260' title='bbox 488 4172 714 4242; x_wconf 91' lang='lat' dir='ltr'>quam</span> <span class='ocrx_word' id='word_1_261' title='bbox 778 4157 853 4228; x_wconf 91' lang='lat' dir='ltr'>in</span> <span class='ocrx_word' id='word_1_262' title='bbox 914 4155 1137 4231; x_wconf 88' lang='lat' dir='ltr'>finem</span> <span class='ocrx_word' id='word_1_263' title='bbox 1207 4155 1447 4250; x_wconf 92' lang='lat' dir='ltr'>ipsum</span> <span class='ocrx_word' id='word_1_264' title='bbox 1499 4162 1572 4230; x_wconf 92' lang='lat' dir='ltr'>et</span> <span class='ocrx_word' id='word_1_265' title='bbox 1624 4157 2176 4252; x_wconf 90' lang='lat' dir='ltr'>plenitudinem,</span> <span class='ocrx_word' id='word_1_266' title='bbox 2237 4158 2453 4252; x_wconf 85' lang='lat' dir='ltr'>juxta</span> <span class='ocrx_word' id='word_1_267' title='bbox 2516 4158 2832 4233; x_wconf 89' lang='lat' dir='ltr'>verbum</span> 
     </span>
     <span class='ocr_line' id='line_1_33' title="bbox 487 4274 2837 4374; baseline 0.004 -31"><span class='ocrx_word' id='word_1_268' title='bbox 487 4274 827 4365; x_wconf 89' lang='lat' dir='ltr'>apostoli:</span> <span class='ocrx_word' id='word_1_269' title='bbox 882 4281 1063 4351; x_wconf 82' lang='lat' dir='ltr'>venit</span> <span class='ocrx_word' id='word_1_270' title='bbox 1127 4281 1484 4370; x_wconf 74' lang='lat' dir='ltr'>plenitudo</span> <span class='ocrx_word' id='word_1_271' title='bbox 1561 4281 1910 4370; x_wconf 78' lang='lat' dir='ltr'>temporis.</span> <span class='ocrx_word' id='word_1_272' title='bbox 1976 4279 2236 4352; x_wconf 90' lang='lat' dir='ltr'>Nullus</span> <span class='ocrx_word' id='word_1_273' title='bbox 2298 4279 2494 4353; x_wconf 91' lang='lat' dir='ltr'>enim</span> <span class='ocrx_word' id='word_1_274' title='bbox 2572 4280 2837 4374; x_wconf 75' lang='lat' dir='ltr'>quaerit</span> 
     </span>
     <span class='ocr_line' id='line_1_34' title="bbox 489 4392 2839 4494; baseline 0.005 -29"><span class='ocrx_word' id='word_1_275' title='bbox 489 4392 859 4467; x_wconf 89' lang='lat' dir='ltr'>medicum</span> <span class='ocrx_word' id='word_1_276' title='bbox 914 4397 1050 4470; x_wconf 86' lang='lat' dir='ltr'>nisi</span> <span class='ocrx_word' id='word_1_277' title='bbox 1101 4405 1492 4494; x_wconf 83' lang='lat' dir='ltr'>cognoscat</span> <span class='ocrx_word' id='word_1_278' title='bbox 1544 4400 1929 4493; x_wconf 83' lang='lat' dir='ltr'>morbum3</span> <span class='ocrx_word' id='word_1_279' title='bbox 1977 4398 2221 4473; x_wconf 90' lang='lat' dir='ltr'>nullus</span> <span class='ocrx_word' id='word_1_280' title='bbox 2272 4400 2536 4494; x_wconf 81' lang='lat' dir='ltr'>quaerit</span> <span class='ocrx_word' id='word_1_281' title='bbox 2584 4401 2839 4476; x_wconf 89' lang='lat' dir='ltr'>docto-</span> 
     </span>
    </p>
   </div>
   <div class='ocr_carea' id='block_1_6' title="bbox 610 4583 2786 4724">
    <p class='ocr_par' dir='ltr' id='par_1_6' title="bbox 610 4583 2786 4724">
     <span class='ocr_line' id='line_1_35' title="bbox 610 4583 2786 4653; baseline -0.002 -9"><span class='ocrx_word' id='word_1_282' title='bbox 610 4583 665 4646; x_wconf 83' lang='lat'>(¹)</span> <span class='ocrx_word' id='word_1_283' title='bbox 696 4584 757 4634; x_wconf 87' lang='lat' dir='ltr'>E.</span> <span class='ocrx_word' id='word_1_284' title='bbox 790 4589 846 4634; x_wconf 81' lang='lat' dir='ltr'>et</span> <span class='ocrx_word' id='word_1_285' title='bbox 876 4590 1050 4639; x_wconf 68' lang='lat' dir='ltr'>umen</span> <span class='ocrx_word' id='word_1_286' title='bbox 1084 4586 1255 4637; x_wconf 80' lang='lat' dir='ltr'>multi.</span> <span class='ocrx_word' id='word_1_287' title='bbox 1590 4587 1664 4648; x_wconf 80' lang='lat'>·(¹)</span> <span class='ocrx_word' id='word_1_288' title='bbox 1696 4588 1748 4639; x_wconf 88' lang='lat' dir='ltr'>S.</span> <span class='ocrx_word' id='word_1_289' title='bbox 1780 4601 1811 4638; x_wconf 84' lang='lat' dir='ltr'>e</span> <span class='ocrx_word' id='word_1_290' title='bbox 1844 4593 1892 4649; x_wconf 68' lang='grc'>4,</span> <span class='ocrx_word' id='word_1_291' title='bbox 1926 4589 2097 4653; x_wconf 76' lang='lat' dir='ltr'>legem</span> <span class='ocrx_word' id='word_1_292' title='bbox 2129 4589 2224 4639; x_wconf 78' lang='lat' dir='ltr'>sibi</span> <span class='ocrx_word' id='word_1_293' title='bbox 2256 4589 2447 4650; x_wconf 77' lang='lat' dir='ltr'>datam,</span> <span class='ocrx_word' id='word_1_294' title='bbox 2480 4603 2515 4639; x_wconf 85' lang='lat' dir='ltr'><em>a</em></span> <span class='ocrx_word' id='word_1_295' title='bbox 2547 4590 2601 4639; x_wconf 82' lang='lat' dir='ltr'>la</span> <span class='ocrx_word' id='word_1_296' title='bbox 2630 4590 2786 4640; x_wconf 58' lang='lat' dir='ltr'>utrm.</span> 
     </span>
     <span class='ocr_line' id='line_1_36' title="bbox 612 4657 1063 4724; baseline 0.004 -14"><span class='ocrx_word' id='word_1_297' title='bbox 612 4657 666 4724; x_wconf 77' lang='lat'>(⁸)</span> <span class='ocrx_word' id='word_1_298' title='bbox 698 4659 760 4711; x_wconf 88' lang='lat' dir='ltr'>E.</span> <span class='ocrx_word' id='word_1_299' title='bbox 795 4663 1063 4724; x_wconf 73' lang='lat' dir='ltr'>promissa.</span> 
     </span>
    </p>
   </div>
  </div>
 </body>
</html>
