<?xml version="1.0" encoding="UTF-8"?>
<!DOCTYPE html PUBLIC "-//W3C//DTD XHTML 1.0 Transitional//EN"
    "http://www.w3.org/TR/xhtml1/DTD/xhtml1-transitional.dtd">
<html xmlns="http://www.w3.org/1999/xhtml" xml:lang="en" lang="en">
 <head>
  <title>
</title>
<meta http-equiv="Content-Type" content="text/html;charset=utf-8" />
  <meta name='ocr-system' content='tesseract 3.04.00' />
  <meta name='ocr-capabilities' content='ocr_page ocr_carea ocr_par ocr_line ocrx_word'/>
</head>
<body>
  <div class='ocr_page' id='page_1' title='image "benevenutideram02lacagoog_0159.png"; bbox 0 0 3734 5567; ppageno 0'>
   <div class='ocr_carea' id='block_1_1' title="bbox 1183 509 2911 575">
    <p class='ocr_par' dir='ltr' id='par_1_1' title="bbox 1183 509 2911 575">
     <span class='ocr_line' id='line_1_1' title="bbox 1183 509 2911 575; baseline -0.001 -1"><span class='ocrx_word' id='word_1_1' title='bbox 1183 519 1458 574; x_wconf 73' lang='lat' dir='ltr'>CANTUS</span> <span class='ocrx_word' id='word_1_2' title='bbox 1507 521 1891 574; x_wconf 74' lang='lat' dir='ltr'>vlonsmns</span> <span class='ocrx_word' id='word_1_3' title='bbox 1942 522 2307 575; x_wconf 79' lang='lat' dir='ltr'>sEP&#39;rmUs.</span> <span class='ocrx_word' id='word_1_4' title='bbox 2775 509 2911 574; x_wconf 77' lang='lat'>149</span> 
     </span>
    </p>
   </div>
   <div class='ocr_carea' id='block_1_2' title="bbox 471 664 2921 4474">
    <p class='ocr_par' dir='ltr' id='par_1_2' title="bbox 471 664 2921 4474">
     <span class='ocr_line' id='line_1_2' title="bbox 555 664 2917 759; baseline -0.001 -20"><span class='ocrx_word' id='word_1_5' title='bbox 555 669 922 755; x_wconf 52' lang='lat' dir='ltr'>immense,</span> <span class='ocrx_word' id='word_1_6' title='bbox 956 664 1160 758; x_wconf 85' lang='lat' dir='ltr'>idest,</span> <span class='ocrx_word' id='word_1_7' title='bbox 1206 665 1565 759; x_wconf 80' lang='lat' dir='ltr'>maximiS,</span> <span class='ocrx_word' id='word_1_8' title='bbox 1600 668 1990 757; x_wconf 78' lang='lat' dir='ltr'>orizzonte‚</span> <span class='ocrx_word' id='word_1_9' title='bbox 2043 667 2173 759; x_wconf 92' lang='lat' dir='ltr'>qui</span> <span class='ocrx_word' id='word_1_10' title='bbox 2224 672 2332 741; x_wconf 94' lang='lat' dir='ltr'>est</span> <span class='ocrx_word' id='word_1_11' title='bbox 2381 665 2701 741; x_wconf 90' lang='lat' dir='ltr'>circulus</span> <span class='ocrx_word' id='word_1_12' title='bbox 2751 665 2917 738; x_wconf 84' lang='lat' dir='ltr'>fini-</span> 
     </span>
     <span class='ocr_line' id='line_1_3' title="bbox 571 784 2915 881; baseline -0.001 -22"><span class='ocrx_word' id='word_1_13' title='bbox 571 791 687 859; x_wconf 85' lang='lat' dir='ltr'>tor</span> <span class='ocrx_word' id='word_1_14' title='bbox 736 785 958 879; x_wconf 79' lang='lat' dir='ltr'>visuS,</span> <span class='ocrx_word' id='word_1_15' title='bbox 996 785 1124 878; x_wconf 86' lang='lat' dir='ltr'>qui</span> <span class='ocrx_word' id='word_1_16' title='bbox 1165 785 1413 858; x_wconf 84' lang='lat' dir='ltr'>dividit</span> <span class='ocrx_word' id='word_1_17' title='bbox 1464 784 1988 880; x_wconf 87' lang='lat' dir='ltr'>hemisperium</span> <span class='ocrx_word' id='word_1_18' title='bbox 2032 786 2369 881; x_wconf 91' lang='lat' dir='ltr'>superius</span> <span class='ocrx_word' id='word_1_19' title='bbox 2418 787 2512 860; x_wconf 92' lang='lat' dir='ltr'>ab</span> <span class='ocrx_word' id='word_1_20' title='bbox 2564 785 2915 879; x_wconf 85' lang='lat' dir='ltr'>inferiori,</span> 
     </span>
     <span class='ocr_line' id='line_1_4' title="bbox 570 905 2913 1001; baseline 0 -22"><span class='ocrx_word' id='word_1_21' title='bbox 570 905 662 980; x_wconf 93' lang='lat' dir='ltr'>de</span> <span class='ocrx_word' id='word_1_22' title='bbox 709 927 861 999; x_wconf 86' lang='lat' dir='ltr'>quo</span> <span class='ocrx_word' id='word_1_23' title='bbox 912 927 1111 980; x_wconf 92' lang='lat' dir='ltr'>nunc</span> <span class='ocrx_word' id='word_1_24' title='bbox 1174 905 1501 999; x_wconf 87' lang='lat' dir='ltr'>loquitur</span> <span class='ocrx_word' id='word_1_25' title='bbox 1564 913 1801 1001; x_wconf 80' lang='lat' dir='ltr'>poeta,</span> <span class='ocrx_word' id='word_1_26' title='bbox 1855 911 2044 1000; x_wconf 77' lang='lat' dir='ltr'>fosse</span> <span class='ocrx_word' id='word_1_27' title='bbox 2096 911 2276 1000; x_wconf 77' lang='lat' dir='ltr'>facto</span> <span class='ocrx_word' id='word_1_28' title='bbox 2340 910 2570 981; x_wconf 76' lang='lat' dir='ltr'>d&#39;zmo</span> <span class='ocrx_word' id='word_1_29' title='bbox 2622 914 2913 999; x_wconf 77' lang='lat' dir='ltr'>aspetw,</span> 
     </span>
     <span class='ocr_line' id='line_1_5' title="bbox 567 1026 2909 1122; baseline 0 -24"><span class='ocrx_word' id='word_1_30' title='bbox 567 1026 773 1122; x_wconf 83' lang='lat' dir='ltr'>idest,</span> <span class='ocrx_word' id='word_1_31' title='bbox 825 1027 1088 1101; x_wconf 90' lang='lat' dir='ltr'>coloris</span> <span class='ocrx_word' id='word_1_32' title='bbox 1146 1026 1463 1121; x_wconf 83' lang='lat' dir='ltr'><strong>obscuri,</strong></span> <span class='ocrx_word' id='word_1_33' title='bbox 1528 1048 1567 1100; x_wconf 81' lang='lat' dir='ltr'>e</span> <span class='ocrx_word' id='word_1_34' title='bbox 1625 1034 1806 1100; x_wconf 80' lang='lat' dir='ltr'>nolte</span> <span class='ocrx_word' id='word_1_35' title='bbox 1869 1049 2109 1102; x_wconf 77' lang='lat' dir='ltr'>avesse</span> <span class='ocrx_word' id='word_1_36' title='bbox 2171 1035 2329 1101; x_wconf 78' lang='lat' dir='ltr'>tutte</span> <span class='ocrx_word' id='word_1_37' title='bbox 2385 1050 2506 1101; x_wconf 82' lang='lat' dir='ltr'>sue</span> <span class='ocrx_word' id='word_1_38' title='bbox 2566 1030 2909 1121; x_wconf 79' lang='lat' dir='ltr'>dispense,</span> 
     </span>
     <span class='ocr_line' id='line_1_6' title="bbox 569 1144 2915 1242; baseline -0 -23"><span class='ocrx_word' id='word_1_39' title='bbox 569 1146 774 1238; x_wconf 87' lang='lat' dir='ltr'>idest,</span> <span class='ocrx_word' id='word_1_40' title='bbox 825 1144 1436 1241; x_wconf 89' lang='lat' dir='ltr'>dispensationes;</span> <span class='ocrx_word' id='word_1_41' title='bbox 1491 1146 1699 1240; x_wconf 87' lang='lat' dir='ltr'>quasi</span> <span class='ocrx_word' id='word_1_42' title='bbox 1761 1146 1973 1241; x_wconf 80' lang='lat' dir='ltr'>dicat,</span> <span class='ocrx_word' id='word_1_43' title='bbox 2045 1156 2444 1242; x_wconf 88' lang='lat' dir='ltr'>antequam</span> <span class='ocrx_word' id='word_1_44' title='bbox 2515 1154 2707 1221; x_wconf 87' lang='lat' dir='ltr'>esset</span> <span class='ocrx_word' id='word_1_45' title='bbox 2769 1166 2915 1219; x_wconf 88' lang='lat' dir='ltr'>nox</span> 
     </span>
     <span class='ocr_line' id='line_1_7' title="bbox 573 1265 2914 1360; baseline 0 -22"><span class='ocrx_word' id='word_1_46' title='bbox 573 1266 781 1359; x_wconf 91' lang='lat' dir='ltr'>plena</span> <span class='ocrx_word' id='word_1_47' title='bbox 837 1265 1133 1360; x_wconf 87' lang='lat' dir='ltr'>ubique,</span> <span class='ocrx_word' id='word_1_48' title='bbox 1187 1266 1360 1360; x_wconf 92' lang='lat' dir='ltr'>quia</span> <span class='ocrx_word' id='word_1_49' title='bbox 1410 1273 1572 1360; x_wconf 91' lang='lat' dir='ltr'>post</span> <span class='ocrx_word' id='word_1_50' title='bbox 1630 1286 1975 1341; x_wconf 89' lang='lat' dir='ltr'>occasum</span> <span class='ocrx_word' id='word_1_51' title='bbox 2039 1267 2208 1341; x_wconf 92' lang='lat' dir='ltr'>solis</span> <span class='ocrx_word' id='word_1_52' title='bbox 2269 1268 2509 1341; x_wconf 88' lang='lat' dir='ltr'>adhuc</span> <span class='ocrx_word' id='word_1_53' title='bbox 2579 1270 2914 1340; x_wconf 82' lang='lat' dir='ltr'>remanet</span> 
     </span>
     <span class='ocr_line' id='line_1_8' title="bbox 569 1386 2917 1483; baseline -0 -23"><span class='ocrx_word' id='word_1_54' title='bbox 569 1386 816 1479; x_wconf 86' lang='lat' dir='ltr'>aliqua</span> <span class='ocrx_word' id='word_1_55' title='bbox 867 1408 1036 1483; x_wconf 91' lang='lat' dir='ltr'>pars</span> <span class='ocrx_word' id='word_1_56' title='bbox 1088 1386 1279 1461; x_wconf 90' lang='lat' dir='ltr'>aeris</span> <span class='ocrx_word' id='word_1_57' title='bbox 1328 1386 1741 1481; x_wconf 83' lang='lat' dir='ltr'>aliqualiter</span> <span class='ocrx_word' id='word_1_58' title='bbox 1790 1387 2178 1480; x_wconf 87' lang='lat' dir='ltr'>luminosa,</span> <span class='ocrx_word' id='word_1_59' title='bbox 2231 1388 2439 1481; x_wconf 85' lang='lat' dir='ltr'>quasi</span> <span class='ocrx_word' id='word_1_60' title='bbox 2491 1387 2721 1461; x_wconf 87' lang='lat' dir='ltr'>dicat:</span> <span class='ocrx_word' id='word_1_61' title='bbox 2775 1386 2917 1460; x_wconf 94' lang='lat' dir='ltr'>du-</span> 
     </span>
     <span class='ocr_line' id='line_1_9' title="bbox 573 1504 2912 1600; baseline 0 -22"><span class='ocrx_word' id='word_1_62' title='bbox 573 1510 782 1580; x_wconf 81' lang='lat' dir='ltr'>rante</span> <span class='ocrx_word' id='word_1_63' title='bbox 813 1505 1054 1579; x_wconf 90' lang='lat' dir='ltr'>adhuc</span> <span class='ocrx_word' id='word_1_64' title='bbox 1088 1505 1366 1579; x_wconf 90' lang='lat' dir='ltr'>lumine</span> <span class='ocrx_word' id='word_1_65' title='bbox 1399 1504 1850 1600; x_wconf 85' lang='lat' dir='ltr'>providimus</span> <span class='ocrx_word' id='word_1_66' title='bbox 1885 1507 2093 1580; x_wconf 88' lang='lat' dir='ltr'>nobis</span> <span class='ocrx_word' id='word_1_67' title='bbox 2116 1506 2396 1580; x_wconf 93' lang='lat' dir='ltr'>deloco</span> <span class='ocrx_word' id='word_1_68' title='bbox 2430 1506 2912 1580; x_wconf 91' lang='lat' dir='ltr'>accommodo</span> 
     </span>
     <span class='ocr_line' id='line_1_10' title="bbox 571 1624 2915 1721; baseline 0.001 -24"><span class='ocrx_word' id='word_1_69' title='bbox 571 1624 664 1698; x_wconf 90' lang='lat' dir='ltr'>ad</span> <span class='ocrx_word' id='word_1_70' title='bbox 703 1625 1161 1719; x_wconf 90' lang='lat' dir='ltr'>pausandum</span> <span class='ocrx_word' id='word_1_71' title='bbox 1214 1625 1286 1698; x_wconf 90' lang='lat' dir='ltr'>in</span> <span class='ocrx_word' id='word_1_72' title='bbox 1341 1631 1573 1698; x_wconf 89' lang='lat' dir='ltr'>nocte.</span> <span class='ocrx_word' id='word_1_73' title='bbox 1629 1626 1714 1698; x_wconf 87' lang='lat' dir='ltr'>Et</span> <span class='ocrx_word' id='word_1_74' title='bbox 1765 1625 1883 1699; x_wconf 89' lang='lat' dir='ltr'>hic</span> <span class='ocrx_word' id='word_1_75' title='bbox 1919 1633 2088 1699; x_wconf 86' lang='lat' dir='ltr'>nota</span> <span class='ocrx_word' id='word_1_76' title='bbox 2122 1627 2320 1719; x_wconf 86' lang='lat' dir='ltr'>quod</span> <span class='ocrx_word' id='word_1_77' title='bbox 2356 1646 2488 1721; x_wconf 94' lang='lat' dir='ltr'>per</span> <span class='ocrx_word' id='word_1_78' title='bbox 2523 1628 2663 1699; x_wconf 91' lang='lat' dir='ltr'>hoc</span> <span class='ocrx_word' id='word_1_79' title='bbox 2695 1631 2915 1721; x_wconf 89' lang='lat' dir='ltr'>poeta</span> 
     </span>
     <span class='ocr_line' id='line_1_11' title="bbox 572 1743 2915 1841; baseline 0 -24"><span class='ocrx_word' id='word_1_80' title='bbox 572 1743 694 1817; x_wconf 91' lang='lat' dir='ltr'>dat</span> <span class='ocrx_word' id='word_1_81' title='bbox 743 1745 1064 1841; x_wconf 83' lang='lat' dir='ltr'>intelligi,</span> <span class='ocrx_word' id='word_1_82' title='bbox 1103 1744 1300 1838; x_wconf 88' lang='lat' dir='ltr'>quod</span> <span class='ocrx_word' id='word_1_83' title='bbox 1339 1744 1692 1838; x_wconf 84' lang='lat' dir='ltr'>disposuit</span> <span class='ocrx_word' id='word_1_84' title='bbox 1743 1764 1822 1818; x_wconf 90' lang='lat' dir='ltr'>se</span> <span class='ocrx_word' id='word_1_85' title='bbox 1873 1745 1964 1818; x_wconf 93' lang='lat' dir='ltr'>ad</span> <span class='ocrx_word' id='word_1_86' title='bbox 2017 1744 2562 1819; x_wconf 82' lang='lat' dir='ltr'>meditationem</span> <span class='ocrx_word' id='word_1_87' title='bbox 2612 1752 2915 1819; x_wconf 92' lang='lat' dir='ltr'>noctur—</span> 
     </span>
     <span class='ocr_line' id='line_1_12' title="bbox 575 1863 2914 1962; baseline 0.001 -26"><span class='ocrx_word' id='word_1_88' title='bbox 575 1884 742 1937; x_wconf 90' lang='lat' dir='ltr'>nam</span> <span class='ocrx_word' id='word_1_89' title='bbox 795 1885 967 1938; x_wconf 91' lang='lat' dir='ltr'>cum</span> <span class='ocrx_word' id='word_1_90' title='bbox 1020 1863 1309 1938; x_wconf 89' lang='lat' dir='ltr'>duobus</span> <span class='ocrx_word' id='word_1_91' title='bbox 1372 1866 1625 1960; x_wconf 65' lang='lat' dir='ltr'>poene,</span> <span class='ocrx_word' id='word_1_92' title='bbox 1678 1867 1914 1940; x_wconf 92' lang='lat' dir='ltr'>altero</span> <span class='ocrx_word' id='word_1_93' title='bbox 1980 1864 2211 1962; x_wconf 90' lang='lat' dir='ltr'>magis</span> <span class='ocrx_word' id='word_1_94' title='bbox 2279 1866 2620 1960; x_wconf 80' lang='lat' dir='ltr'>naturali,</span> <span class='ocrx_word' id='word_1_95' title='bbox 2682 1866 2914 1940; x_wconf 91' lang='lat' dir='ltr'>altero</span> 
     </span>
     <span class='ocr_line' id='line_1_13' title="bbox 575 1984 2910 2080; baseline 0.001 -24"><span class='ocrx_word' id='word_1_96' title='bbox 575 1984 805 2080; x_wconf 90' lang='lat' dir='ltr'>magis</span> <span class='ocrx_word' id='word_1_97' title='bbox 856 1985 1140 2077; x_wconf 89' lang='lat' dir='ltr'>morali,</span> <span class='ocrx_word' id='word_1_98' title='bbox 1193 2005 1365 2057; x_wconf 95' lang='lat' dir='ltr'>cum</span> <span class='ocrx_word' id='word_1_99' title='bbox 1419 1992 1718 2080; x_wconf 90' lang='lat' dir='ltr'>pararet</span> <span class='ocrx_word' id='word_1_100' title='bbox 1774 1984 2193 2060; x_wconf 82' lang='lat' dir='ltr'>describere</span> <span class='ocrx_word' id='word_1_101' title='bbox 2247 1987 2633 2061; x_wconf 86' lang='lat' dir='ltr'>materiam</span> <span class='ocrx_word' id='word_1_102' title='bbox 2685 1988 2910 2061; x_wconf 90' lang='lat' dir='ltr'>altam</span> 
     </span>
     <span class='ocr_line' id='line_1_14' title="bbox 574 2103 2910 2200; baseline 0.001 -24"><span class='ocrx_word' id='word_1_103' title='bbox 574 2109 646 2177; x_wconf 92' lang='lat' dir='ltr'>et</span> <span class='ocrx_word' id='word_1_104' title='bbox 694 2103 1058 2197; x_wconf 86' lang='lat' dir='ltr'>subtilem,</span> <span class='ocrx_word' id='word_1_105' title='bbox 1097 2110 1180 2177; x_wconf 95' lang='lat' dir='ltr'>ut</span> <span class='ocrx_word' id='word_1_106' title='bbox 1213 2104 1357 2178; x_wconf 93' lang='lat' dir='ltr'>cito</span> <span class='ocrx_word' id='word_1_107' title='bbox 1392 2105 1683 2198; x_wconf 91' lang='lat' dir='ltr'>patebit.</span> <span class='ocrx_word' id='word_1_108' title='bbox 1722 2105 1808 2178; x_wconf 89' lang='lat' dir='ltr'>Et</span> <span class='ocrx_word' id='word_1_109' title='bbox 1841 2125 2016 2180; x_wconf 90' lang='lat' dir='ltr'>ecce</span> <span class='ocrx_word' id='word_1_110' title='bbox 2050 2125 2286 2200; x_wconf 87' lang='lat' dir='ltr'>quare</span> <span class='ocrx_word' id='word_1_111' title='bbox 2320 2106 2751 2180; x_wconf 88' lang='lat' dir='ltr'>locaverunt</span> <span class='ocrx_word' id='word_1_112' title='bbox 2787 2125 2910 2179; x_wconf 88' lang='lat' dir='ltr'>se:</span> 
     </span>
     <span class='ocr_line' id='line_1_15' title="bbox 471 2219 2917 2323; baseline 0.002 -28"><span class='ocrx_word' id='word_1_113' title='bbox 471 2264 480 2273; x_wconf 80' lang='grc'><strong>-</strong></span> <span class='ocrx_word' id='word_1_114' title='bbox 571 2219 713 2317; x_wconf 63' lang='lat' dir='ltr'>ctae,</span> <span class='ocrx_word' id='word_1_115' title='bbox 767 2225 969 2318; x_wconf 87' lang='lat' dir='ltr'>idest,</span> <span class='ocrx_word' id='word_1_116' title='bbox 1023 2226 1220 2319; x_wconf 83' lang='lat' dir='ltr'>quia,</span> <span class='ocrx_word' id='word_1_117' title='bbox 1272 2229 1346 2298; x_wconf 83' lang='lat' dir='ltr'>la</span> <span class='ocrx_word' id='word_1_118' title='bbox 1393 2234 1654 2299; x_wconf 81' lang='lat' dir='ltr'>natura</span> <span class='ocrx_word' id='word_1_119' title='bbox 1703 2228 1819 2300; x_wconf 82' lang='lat' dir='ltr'>del</span> <span class='ocrx_word' id='word_1_120' title='bbox 1861 2234 2114 2321; x_wconf 82' lang='lat' dir='ltr'>monte,</span> <span class='ocrx_word' id='word_1_121' title='bbox 2157 2247 2288 2322; x_wconf 89' lang='lat' dir='ltr'>per</span> <span class='ocrx_word' id='word_1_122' title='bbox 2336 2247 2560 2320; x_wconf 92' lang='lat' dir='ltr'>quem</span> <span class='ocrx_word' id='word_1_123' title='bbox 2602 2247 2748 2300; x_wconf 89' lang='lat' dir='ltr'>non</span> <span class='ocrx_word' id='word_1_124' title='bbox 2782 2248 2917 2323; x_wconf 92' lang='lat' dir='ltr'>po-</span> 
     </span>
     <span class='ocr_line' id='line_1_16' title="bbox 573 2344 2917 2442; baseline 0.001 -24"><span class='ocrx_word' id='word_1_125' title='bbox 573 2350 713 2418; x_wconf 67' lang='lat' dir='ltr'>test</span> <span class='ocrx_word' id='word_1_126' title='bbox 763 2344 849 2418; x_wconf 93' lang='lat' dir='ltr'>iri</span> <span class='ocrx_word' id='word_1_127' title='bbox 900 2344 994 2419; x_wconf 93' lang='lat' dir='ltr'>de</span> <span class='ocrx_word' id='word_1_128' title='bbox 1045 2351 1279 2438; x_wconf 87' lang='lat' dir='ltr'>nocte,</span> <span class='ocrx_word' id='word_1_129' title='bbox 1321 2349 1386 2417; x_wconf 82' lang='lat' dir='ltr'>ci</span> <span class='ocrx_word' id='word_1_130' title='bbox 1433 2351 1774 2438; x_wconf 69' lang='lat' dir='ltr'>afflans-e,</span> <span class='ocrx_word' id='word_1_131' title='bbox 1817 2345 2024 2439; x_wconf 83' lang='lat' dir='ltr'>idest,</span> <span class='ocrx_word' id='word_1_132' title='bbox 2060 2346 2275 2442; x_wconf 84' lang='lat' dir='ltr'>fregit</span> <span class='ocrx_word' id='word_1_133' title='bbox 2325 2352 2398 2419; x_wconf 89' lang='lat' dir='ltr'>et</span> <span class='ocrx_word' id='word_1_134' title='bbox 2440 2345 2737 2420; x_wconf 89' lang='lat' dir='ltr'>abstulit</span> <span class='ocrx_word' id='word_1_135' title='bbox 2778 2367 2917 2420; x_wconf 93' lang='lat' dir='ltr'>no-</span> 
     </span>
     <span class='ocr_line' id='line_1_17' title="bbox 576 2465 2914 2561; baseline 0.001 -23"><span class='ocrx_word' id='word_1_136' title='bbox 576 2465 707 2559; x_wconf 85' lang='lat' dir='ltr'>bis,</span> <span class='ocrx_word' id='word_1_137' title='bbox 760 2469 833 2539; x_wconf 84' lang='lat' dir='ltr'>la</span> <span class='ocrx_word' id='word_1_138' title='bbox 872 2486 1092 2558; x_wconf 81' lang='lat' dir='ltr'>possa</span> <span class='ocrx_word' id='word_1_139' title='bbox 1141 2487 1179 2538; x_wconf 82' lang='lat' dir='ltr'>e</span> <span class='ocrx_word' id='word_1_140' title='bbox 1212 2468 1264 2538; x_wconf 84' lang='lat' dir='ltr'>’l</span> <span class='ocrx_word' id='word_1_141' title='bbox 1307 2467 1537 2539; x_wconf 76' lang='lat' dir='ltr'>dilecto</span> <span class='ocrx_word' id='word_1_142' title='bbox 1588 2468 1702 2541; x_wconf 82' lang='lat' dir='ltr'>del</span> <span class='ocrx_word' id='word_1_143' title='bbox 1736 2469 1941 2558; x_wconf 81' lang='lat' dir='ltr'>salir,</span> <span class='ocrx_word' id='word_1_144' title='bbox 1977 2465 2181 2558; x_wconf 86' lang='lat' dir='ltr'>idest,</span> <span class='ocrx_word' id='word_1_145' title='bbox 2224 2466 2622 2561; x_wconf 89' lang='lat' dir='ltr'>potentiam</span> <span class='ocrx_word' id='word_1_146' title='bbox 2677 2473 2751 2540; x_wconf 88' lang='lat' dir='ltr'>et</span> <span class='ocrx_word' id='word_1_147' title='bbox 2785 2468 2914 2540; x_wconf 89' lang='lat' dir='ltr'>de-</span> 
     </span>
     <span class='ocr_line' id='line_1_18' title="bbox 575 2582 2916 2678; baseline 0.001 -22"><span class='ocrx_word' id='word_1_148' title='bbox 575 2582 1035 2658; x_wconf 87' lang='lat' dir='ltr'>lectationem</span> <span class='ocrx_word' id='word_1_149' title='bbox 1087 2583 1519 2659; x_wconf 89' lang='lat' dir='ltr'>ascendendi</span> <span class='ocrx_word' id='word_1_150' title='bbox 1567 2584 1877 2658; x_wconf 87' lang='lat' dir='ltr'>ulterius</span> <span class='ocrx_word' id='word_1_151' title='bbox 1911 2604 2044 2678; x_wconf 96' lang='lat' dir='ltr'>pro</span> <span class='ocrx_word' id='word_1_152' title='bbox 2087 2591 2281 2658; x_wconf 89' lang='lat' dir='ltr'>tunc.</span> <span class='ocrx_word' id='word_1_153' title='bbox 2309 2625 2408 2637; x_wconf 94' lang='lat'><strong>—</strong></span> <span class='ocrx_word' id='word_1_154' title='bbox 2442 2588 2665 2672; x_wconf 79' lang='lat' dir='ltr'>Quali.</span> <span class='ocrx_word' id='word_1_155' title='bbox 2703 2584 2916 2658; x_wconf 91' lang='lat' dir='ltr'>Nunc</span> 
     </span>
     <span class='ocr_line' id='line_1_19' title="bbox 576 2702 2912 2799; baseline -0.001 -22"><span class='ocrx_word' id='word_1_156' title='bbox 576 2709 790 2798; x_wconf 88' lang='lat' dir='ltr'>poeta</span> <span class='ocrx_word' id='word_1_157' title='bbox 840 2703 1177 2777; x_wconf 88' lang='lat' dir='ltr'>describit</span> <span class='ocrx_word' id='word_1_158' title='bbox 1229 2702 1768 2799; x_wconf 90' lang='lat' dir='ltr'>dispositionem</span> <span class='ocrx_word' id='word_1_159' title='bbox 1822 2702 1958 2797; x_wconf 87' lang='lat' dir='ltr'>sui,</span> <span class='ocrx_word' id='word_1_160' title='bbox 1997 2709 2073 2777; x_wconf 91' lang='lat' dir='ltr'>et</span> <span class='ocrx_word' id='word_1_161' title='bbox 2121 2724 2428 2777; x_wconf 89' lang='lat' dir='ltr'>suorum</span> <span class='ocrx_word' id='word_1_162' title='bbox 2465 2704 2742 2776; x_wconf 91' lang='lat' dir='ltr'>ducum</span> <span class='ocrx_word' id='word_1_163' title='bbox 2777 2722 2912 2797; x_wconf 92' lang='lat' dir='ltr'>per</span> 
     </span>
     <span class='ocr_line' id='line_1_20' title="bbox 575 2815 2915 2919; baseline 0 -24"><span class='ocrx_word' id='word_1_164' title='bbox 575 2843 803 2897; x_wconf 90' lang='lat' dir='ltr'>unam</span> <span class='ocrx_word' id='word_1_165' title='bbox 855 2823 1480 2919; x_wconf 85' lang='lat' dir='ltr'>comparationem</span> <span class='ocrx_word' id='word_1_166' title='bbox 1518 2822 2062 2897; x_wconf 88' lang='lat' dir='ltr'>subtilissimam</span> <span class='ocrx_word' id='word_1_167' title='bbox 2088 2815 2186 2914; x_wconf 78' lang='lat'><strong>(¹).</strong></span> <span class='ocrx_word' id='word_1_168' title='bbox 2225 2823 2331 2896; x_wconf 84' lang='lat' dir='ltr'>Ad</span> <span class='ocrx_word' id='word_1_169' title='bbox 2366 2823 2915 2898; x_wconf 82' lang='lat' dir='ltr'>cuius&#39;eviden-</span> 
     </span>
     <span class='ocr_line' id='line_1_21' title="bbox 572 2942 2916 3039; baseline 0 -23"><span class='ocrx_word' id='word_1_170' title='bbox 572 2945 746 3019; x_wconf 91' lang='lat' dir='ltr'>tiam</span> <span class='ocrx_word' id='word_1_171' title='bbox 801 2950 912 3017; x_wconf 88' lang='lat' dir='ltr'>est</span> <span class='ocrx_word' id='word_1_172' title='bbox 963 2942 1366 3017; x_wconf 81' lang='lat' dir='ltr'>notandum</span> <span class='ocrx_word' id='word_1_173' title='bbox 1420 2944 1618 3037; x_wconf 92' lang='lat' dir='ltr'>quod</span> <span class='ocrx_word' id='word_1_174' title='bbox 1667 2948 1884 3039; x_wconf 86' lang='lat' dir='ltr'>poeta</span> <span class='ocrx_word' id='word_1_175' title='bbox 1934 2948 2183 3017; x_wconf 87' lang='lat' dir='ltr'>noster</span> <span class='ocrx_word' id='word_1_176' title='bbox 2247 2943 2742 3038; x_wconf 90' lang='lat' dir='ltr'>propriissime</span> <span class='ocrx_word' id='word_1_177' title='bbox 2795 2964 2916 3017; x_wconf 92' lang='lat' dir='ltr'>as-</span> 
     </span>
     <span class='ocr_line' id='line_1_22' title="bbox 573 3062 2912 3159; baseline -0 -23"><span class='ocrx_word' id='word_1_178' title='bbox 573 3064 840 3137; x_wconf 89' lang='lat' dir='ltr'>similat</span> <span class='ocrx_word' id='word_1_179' title='bbox 889 3083 972 3137; x_wconf 89' lang='lat' dir='ltr'>se</span> <span class='ocrx_word' id='word_1_180' title='bbox 1020 3083 1282 3158; x_wconf 83' lang='lat' dir='ltr'>caprae,</span> <span class='ocrx_word' id='word_1_181' title='bbox 1336 3070 1410 3137; x_wconf 92' lang='lat' dir='ltr'>et</span> <span class='ocrx_word' id='word_1_182' title='bbox 1459 3065 1685 3138; x_wconf 93' lang='lat' dir='ltr'>duces</span> <span class='ocrx_word' id='word_1_183' title='bbox 1736 3084 1910 3138; x_wconf 92' lang='lat' dir='ltr'>suos</span> <span class='ocrx_word' id='word_1_184' title='bbox 1961 3063 2395 3159; x_wconf 88' lang='lat' dir='ltr'>pastoribus.</span> <span class='ocrx_word' id='word_1_185' title='bbox 2462 3062 2665 3137; x_wconf 89' lang='lat' dir='ltr'>Sicut</span> <span class='ocrx_word' id='word_1_186' title='bbox 2715 3063 2912 3138; x_wconf 88' lang='lat' dir='ltr'>enim</span> 
     </span>
     <span class='ocr_line' id='line_1_23' title="bbox 576 3181 2919 3277; baseline -0 -20"><span class='ocrx_word' id='word_1_187' title='bbox 576 3182 909 3257; x_wconf 82' lang='lat' dir='ltr'>videmus</span> <span class='ocrx_word' id='word_1_188' title='bbox 957 3182 1051 3257; x_wconf 93' lang='lat' dir='ltr'>de</span> <span class='ocrx_word' id='word_1_189' title='bbox 1102 3182 1292 3257; x_wconf 84' lang='lat' dir='ltr'>facto</span> <span class='ocrx_word' id='word_1_190' title='bbox 1341 3202 1561 3277; x_wconf 90' lang='lat' dir='ltr'>capra</span> <span class='ocrx_word' id='word_1_191' title='bbox 1612 3182 1909 3257; x_wconf 86' lang='lat' dir='ltr'>levitate</span> <span class='ocrx_word' id='word_1_192' title='bbox 1959 3183 2285 3277; x_wconf 91' lang='lat' dir='ltr'>corporis</span> <span class='ocrx_word' id='word_1_193' title='bbox 2320 3188 2396 3255; x_wconf 92' lang='lat' dir='ltr'>et</span> <span class='ocrx_word' id='word_1_194' title='bbox 2429 3181 2774 3257; x_wconf 88' lang='lat' dir='ltr'>acumine</span> <span class='ocrx_word' id='word_1_195' title='bbox 2809 3181 2919 3256; x_wconf 85' lang='lat' dir='ltr'>vi-</span> 
     </span>
     <span class='ocr_line' id='line_1_24' title="bbox 576 3301 2917 3398; baseline -0.001 -21"><span class='ocrx_word' id='word_1_196' title='bbox 576 3325 700 3377; x_wconf 90' lang='lat' dir='ltr'>sus</span> <span class='ocrx_word' id='word_1_197' title='bbox 752 3303 976 3379; x_wconf 92' lang='lat' dir='ltr'>tendit</span> <span class='ocrx_word' id='word_1_198' title='bbox 1026 3302 1114 3376; x_wconf 98' lang='lat' dir='ltr'>ad</span> <span class='ocrx_word' id='word_1_199' title='bbox 1169 3304 1314 3377; x_wconf 90' lang='lat' dir='ltr'>alta</span> <span class='ocrx_word' id='word_1_200' title='bbox 1382 3303 1769 3378; x_wconf 91' lang='lat' dir='ltr'>cacumina</span> <span class='ocrx_word' id='word_1_201' title='bbox 1824 3303 2209 3396; x_wconf 87' lang='lat' dir='ltr'>montium,</span> <span class='ocrx_word' id='word_1_202' title='bbox 2278 3308 2352 3377; x_wconf 94' lang='lat' dir='ltr'>et</span> <span class='ocrx_word' id='word_1_203' title='bbox 2421 3302 2606 3398; x_wconf 89' lang='lat' dir='ltr'>rapit</span> <span class='ocrx_word' id='word_1_204' title='bbox 2674 3301 2917 3397; x_wconf 90' lang='lat' dir='ltr'>apices</span> 
     </span>
     <span class='ocr_line' id='line_1_25' title="bbox 574 3421 2919 3519; baseline -0.002 -21"><span class='ocrx_word' id='word_1_205' title='bbox 574 3425 930 3499; x_wconf 90' lang='lat' dir='ltr'>arborum</span> <span class='ocrx_word' id='word_1_206' title='bbox 994 3429 1069 3497; x_wconf 93' lang='lat' dir='ltr'>et</span> <span class='ocrx_word' id='word_1_207' title='bbox 1133 3423 1652 3519; x_wconf 85' lang='lat' dir='ltr'>virgultorum,</span> <span class='ocrx_word' id='word_1_208' title='bbox 1705 3430 1780 3497; x_wconf 93' lang='lat' dir='ltr'>et</span> <span class='ocrx_word' id='word_1_209' title='bbox 1830 3422 2125 3517; x_wconf 91' lang='lat' dir='ltr'>quando</span> <span class='ocrx_word' id='word_1_210' title='bbox 2194 3430 2304 3496; x_wconf 89' lang='lat' dir='ltr'>est</span> <span class='ocrx_word' id='word_1_211' title='bbox 2366 3421 2602 3497; x_wconf 90' lang='lat' dir='ltr'>cibata</span> <span class='ocrx_word' id='word_1_212' title='bbox 2669 3427 2919 3518; x_wconf 89' lang='lat' dir='ltr'>pastor</span> 
     </span>
     <span class='ocr_line' id='line_1_26' title="bbox 580 3542 2915 3638; baseline -0.001 -20"><span class='ocrx_word' id='word_1_213' title='bbox 580 3543 862 3618; x_wconf 89' lang='lat' dir='ltr'>reducit</span> <span class='ocrx_word' id='word_1_214' title='bbox 909 3563 1074 3617; x_wconf 93' lang='lat' dir='ltr'>eam</span> <span class='ocrx_word' id='word_1_215' title='bbox 1128 3542 1221 3617; x_wconf 90' lang='lat' dir='ltr'>ad</span> <span class='ocrx_word' id='word_1_216' title='bbox 1272 3543 1644 3637; x_wconf 83' lang='lat' dir='ltr'>umbram,</span> <span class='ocrx_word' id='word_1_217' title='bbox 1688 3543 1814 3617; x_wconf 88' lang='lat' dir='ltr'>ubi</span> <span class='ocrx_word' id='word_1_218' title='bbox 1867 3543 2021 3637; x_wconf 90' lang='lat' dir='ltr'>ipsa</span> <span class='ocrx_word' id='word_1_219' title='bbox 2062 3542 2503 3638; x_wconf 87' lang='lat' dir='ltr'>quiescendo</span> <span class='ocrx_word' id='word_1_220' title='bbox 2548 3542 2915 3637; x_wconf 84' lang='lat' dir='ltr'>ruminat3</span> 
     </span>
     <span class='ocr_line' id='line_1_27' title="bbox 572 3661 2920 3756; baseline 0 -21"><span class='ocrx_word' id='word_1_221' title='bbox 572 3662 739 3738; x_wconf 86' lang='lat' dir='ltr'>*ita</span> <span class='ocrx_word' id='word_1_222' title='bbox 788 3682 834 3735; x_wconf 92' lang='lat' dir='ltr'>a</span> <span class='ocrx_word' id='word_1_223' title='bbox 885 3662 1097 3736; x_wconf 87' lang='lat' dir='ltr'>simili</span> <span class='ocrx_word' id='word_1_224' title='bbox 1149 3669 1363 3756; x_wconf 85' lang='lat' dir='ltr'>poeta</span> <span class='ocrx_word' id='word_1_225' title='bbox 1416 3669 1662 3737; x_wconf 93' lang='lat' dir='ltr'>noster</span> <span class='ocrx_word' id='word_1_226' title='bbox 1714 3682 1912 3735; x_wconf 91' lang='lat' dir='ltr'>nunc</span> <span class='ocrx_word' id='word_1_227' title='bbox 1964 3661 2191 3737; x_wconf 89' lang='lat' dir='ltr'>tendit</span> <span class='ocrx_word' id='word_1_228' title='bbox 2222 3663 2315 3735; x_wconf 92' lang='lat' dir='ltr'>ad</span> <span class='ocrx_word' id='word_1_229' title='bbox 2351 3662 2497 3735; x_wconf 89' lang='lat' dir='ltr'>alta</span> <span class='ocrx_word' id='word_1_230' title='bbox 2542 3662 2810 3735; x_wconf 88' lang='lat' dir='ltr'>montis</span> <span class='ocrx_word' id='word_1_231' title='bbox 2845 3669 2920 3736; x_wconf 91' lang='lat' dir='ltr'>et</span> 
     </span>
     <span class='ocr_line' id='line_1_28' title="bbox 575 3772 2920 3878; baseline -0 -22"><span class='ocrx_word' id='word_1_232' title='bbox 575 3781 845 3878; x_wconf 87' lang='lat' dir='ltr'>colligit</span> <span class='ocrx_word' id='word_1_233' title='bbox 878 3781 1166 3856; x_wconf 88' lang='lat' dir='ltr'>floridas</span> <span class='ocrx_word' id='word_1_234' title='bbox 1199 3782 1616 3873; x_wconf 78' lang='lat' dir='ltr'>sententiaS,</span> <span class='ocrx_word' id='word_1_235' title='bbox 1659 3779 1922 3855; x_wconf 90' lang='lat' dir='ltr'>deinde</span> <span class='ocrx_word' id='word_1_236' title='bbox 1957 3782 2281 3854; x_wconf 89' lang='lat' dir='ltr'>ruminat</span> <span class='ocrx_word' id='word_1_237' title='bbox 2307 3781 2351 3825; x_wconf 84' lang='lat'><em>*</em></span> <span class='ocrx_word' id='word_1_238' title='bbox 2377 3772 2476 3874; x_wconf 55' lang='grc' dir='ltr'>(Ξ),</span> <span class='ocrx_word' id='word_1_239' title='bbox 2514 3786 2588 3855; x_wconf 93' lang='lat' dir='ltr'>et</span> <span class='ocrx_word' id='word_1_240' title='bbox 2627 3781 2920 3856; x_wconf 90' lang='lat' dir='ltr'>discutit</span> 
     </span>
     <span class='ocr_line' id='line_1_29' title="bbox 575 3899 2920 3995; baseline 0 -21"><span class='ocrx_word' id='word_1_241' title='bbox 575 3901 732 3976; x_wconf 92' lang='lat' dir='ltr'>illas</span> <span class='ocrx_word' id='word_1_242' title='bbox 783 3901 920 3974; x_wconf 92' lang='lat' dir='ltr'>sub</span> <span class='ocrx_word' id='word_1_243' title='bbox 955 3921 1134 3975; x_wconf 92' lang='lat' dir='ltr'>cura</span> <span class='ocrx_word' id='word_1_244' title='bbox 1171 3906 1244 3975; x_wconf 92' lang='lat' dir='ltr'>et</span> <span class='ocrx_word' id='word_1_245' title='bbox 1279 3901 1606 3975; x_wconf 93' lang='lat' dir='ltr'>custodia</span> <span class='ocrx_word' id='word_1_246' title='bbox 1643 3921 1953 3975; x_wconf 89' lang='lat' dir='ltr'>suorum</span> <span class='ocrx_word' id='word_1_247' title='bbox 1988 3907 2391 3995; x_wconf 87' lang='lat' dir='ltr'>pastorum,</span> <span class='ocrx_word' id='word_1_248' title='bbox 2428 3899 2717 3993; x_wconf 88' lang='lat' dir='ltr'>scilicet,</span> <span class='ocrx_word' id='word_1_249' title='bbox 2755 3900 2920 3974; x_wconf 90' lang='lat' dir='ltr'>Vir-</span> 
     </span>
     <span class='ocr_line' id='line_1_30' title="bbox 573 4001 2921 4117; baseline 0 -21"><span class='ocrx_word' id='word_1_250' title='bbox 573 4022 721 4117; x_wconf 82' lang='lat' dir='ltr'>gilii</span> <span class='ocrx_word' id='word_1_251' title='bbox 774 4027 850 4097; x_wconf 85' lang='lat' dir='ltr'>et</span> <span class='ocrx_word' id='word_1_252' title='bbox 897 4021 1125 4116; x_wconf 85' lang='lat' dir='ltr'>Statii,</span> <span class='ocrx_word' id='word_1_253' title='bbox 1178 4001 1305 4114; x_wconf 87' lang='lat' dir='ltr'>qui</span> <span class='ocrx_word' id='word_1_254' title='bbox 1357 4020 1722 4095; x_wconf 90' lang='lat' dir='ltr'>ducebant</span> <span class='ocrx_word' id='word_1_255' title='bbox 1773 4027 1847 4095; x_wconf 93' lang='lat' dir='ltr'>et</span> <span class='ocrx_word' id='word_1_256' title='bbox 1897 4020 2305 4117; x_wconf 89' lang='lat' dir='ltr'>dirigebant</span> <span class='ocrx_word' id='word_1_257' title='bbox 2358 4040 2573 4114; x_wconf 82' lang='lat' dir='ltr'>eum3</span> <span class='ocrx_word' id='word_1_258' title='bbox 2611 4026 2685 4094; x_wconf 93' lang='lat' dir='ltr'>et</span> <span class='ocrx_word' id='word_1_259' title='bbox 2725 4021 2921 4096; x_wconf 88' lang='lat' dir='ltr'>stetit</span> 
     </span>
     <span class='ocr_line' id='line_1_31' title="bbox 577 4139 2918 4236; baseline 0.002 -22"><span class='ocrx_word' id='word_1_260' title='bbox 577 4161 707 4236; x_wconf 88' lang='lat' dir='ltr'>per</span> <span class='ocrx_word' id='word_1_261' title='bbox 757 4147 984 4214; x_wconf 88' lang='lat' dir='ltr'>totam</span> <span class='ocrx_word' id='word_1_262' title='bbox 1040 4146 1330 4215; x_wconf 90' lang='lat' dir='ltr'>noctem</span> <span class='ocrx_word' id='word_1_263' title='bbox 1386 4140 1646 4214; x_wconf 84' lang='lat' dir='ltr'>tacitus</span> <span class='ocrx_word' id='word_1_264' title='bbox 1695 4140 1851 4215; x_wconf 88' lang='lat' dir='ltr'>sine</span> <span class='ocrx_word' id='word_1_265' title='bbox 1889 4140 2129 4215; x_wconf 88' lang='lat' dir='ltr'>verbis</span> <span class='ocrx_word' id='word_1_266' title='bbox 2164 4139 2237 4212; x_wconf 90' lang='lat' dir='ltr'>in</span> <span class='ocrx_word' id='word_1_267' title='bbox 2273 4140 2433 4213; x_wconf 89' lang='lat' dir='ltr'>loco</span> <span class='ocrx_word' id='word_1_268' title='bbox 2475 4146 2549 4213; x_wconf 90' lang='lat' dir='ltr'>et</span> <span class='ocrx_word' id='word_1_269' title='bbox 2583 4146 2918 4236; x_wconf 86' lang='lat' dir='ltr'>tempore</span> 
     </span>
     <span class='ocr_line' id='line_1_32' title="bbox 574 4259 2915 4357; baseline 0.003 -25"><span class='ocrx_word' id='word_1_270' title='bbox 574 4259 898 4334; x_wconf 87' lang='lat' dir='ltr'>solitario</span> <span class='ocrx_word' id='word_1_271' title='bbox 948 4266 1118 4355; x_wconf 88' lang='lat' dir='ltr'>apto</span> <span class='ocrx_word' id='word_1_272' title='bbox 1168 4259 1261 4333; x_wconf 92' lang='lat' dir='ltr'>ad</span> <span class='ocrx_word' id='word_1_273' title='bbox 1310 4260 1882 4354; x_wconf 87' lang='lat' dir='ltr'>speculationem</span> <span class='ocrx_word' id='word_1_274' title='bbox 1919 4281 2075 4334; x_wconf 87' lang='lat' dir='ltr'>suae</span> <span class='ocrx_word' id='word_1_275' title='bbox 2111 4279 2322 4333; x_wconf 86' lang='lat' dir='ltr'>novae</span> <span class='ocrx_word' id='word_1_276' title='bbox 2357 4260 2708 4356; x_wconf 71' lang='lat' dir='ltr'>materiae,</span> <span class='ocrx_word' id='word_1_277' title='bbox 2745 4284 2915 4357; x_wconf 87' lang='lat' dir='ltr'>quae</span> 
     </span>
     <span class='ocr_line' id='line_1_33' title="bbox 574 4377 2919 4474; baseline 0.004 -24"><span class='ocrx_word' id='word_1_278' title='bbox 574 4377 718 4451; x_wconf 90' lang='lat' dir='ltr'>erit</span> <span class='ocrx_word' id='word_1_279' title='bbox 753 4379 986 4452; x_wconf 92' lang='lat' dir='ltr'>multo</span> <span class='ocrx_word' id='word_1_280' title='bbox 1027 4379 1242 4453; x_wconf 90' lang='lat' dir='ltr'>altior</span> <span class='ocrx_word' id='word_1_281' title='bbox 1277 4379 1734 4474; x_wconf 73' lang='lat' dir='ltr'>praecedenti.</span> <span class='ocrx_word' id='word_1_282' title='bbox 1770 4380 1981 4455; x_wconf 89' lang='lat' dir='ltr'>Nunc</span> <span class='ocrx_word' id='word_1_283' title='bbox 2014 4379 2270 4454; x_wconf 91' lang='lat' dir='ltr'>ordina</span> <span class='ocrx_word' id='word_1_284' title='bbox 2307 4380 2594 4455; x_wconf 90' lang='lat' dir='ltr'>literam</span> <span class='ocrx_word' id='word_1_285' title='bbox 2633 4388 2707 4456; x_wconf 94' lang='lat' dir='ltr'>et</span> <span class='ocrx_word' id='word_1_286' title='bbox 2742 4404 2919 4458; x_wconf 89' lang='lat' dir='ltr'>con-</span> 
     </span>
    </p>
   </div>
   <div class='ocr_carea' id='block_1_3' title="bbox 699 4562 2732 4704">
    <p class='ocr_par' dir='ltr' id='par_1_3' title="bbox 699 4562 2732 4704">
     <span class='ocr_line' id='line_1_34' title="bbox 699 4562 1684 4626; baseline -0.001 -13"><span class='ocrx_word' id='word_1_287' title='bbox 699 4562 753 4624; x_wconf 87' lang='lat'>(¹)</span> <span class='ocrx_word' id='word_1_288' title='bbox 788 4565 897 4622; x_wconf 81' lang='lat'><strong>11⁷,</strong></span> <span class='ocrx_word' id='word_1_289' title='bbox 931 4564 1167 4626; x_wconf 81' lang='lat' dir='ltr'>pulcram</span> <span class='ocrx_word' id='word_1_290' title='bbox 1199 4569 1252 4613; x_wconf 84' lang='lat' dir='ltr'>et</span> <span class='ocrx_word' id='word_1_291' title='bbox 1284 4564 1684 4615; x_wconf 75' lang='lat' dir='ltr'>subtilissimam.</span> 
     </span>
     <span class='ocr_line' id='line_1_35' title="bbox 703 4636 2732 4704; baseline 0.002 -17"><span class='ocrx_word' id='word_1_292' title='bbox 703 4636 757 4699; x_wconf 80' lang='lat'>(&#39;)</span> <span class='ocrx_word' id='word_1_293' title='bbox 787 4637 862 4687; x_wconf 83' lang='lat' dir='ltr'>Le</span> <span class='ocrx_word' id='word_1_294' title='bbox 894 4638 1073 4701; x_wconf 72' lang='lat' dir='ltr'>parole</span> <span class='ocrx_word' id='word_1_295' title='bbox 1104 4638 1185 4689; x_wconf 76' lang='lat' dir='ltr'>fra</span> <span class='ocrx_word' id='word_1_296' title='bbox 1216 4639 1233 4688; x_wconf 83' lang='lat' dir='ltr'>i</span> <span class='ocrx_word' id='word_1_297' title='bbox 1265 4639 1367 4689; x_wconf 84' lang='lat' dir='ltr'>due</span> <span class='ocrx_word' id='word_1_298' title='bbox 1398 4639 1663 4690; x_wconf 80' lang='lat' dir='ltr'>asterischi</span> <span class='ocrx_word' id='word_1_299' title='bbox 1694 4652 1822 4690; x_wconf 82' lang='lat' dir='ltr'>sono</span> <span class='ocrx_word' id='word_1_300' title='bbox 1853 4639 2075 4702; x_wconf 72' lang='lat' dir='ltr'>supputo</span> <span class='ocrx_word' id='word_1_301' title='bbox 2108 4639 2247 4704; x_wconf 75' lang='lat' dir='ltr'>dagli</span> <span class='ocrx_word' id='word_1_302' title='bbox 2279 4640 2399 4689; x_wconf 76' lang='lat' dir='ltr'>altri</span> <span class='ocrx_word' id='word_1_303' title='bbox 2433 4644 2513 4690; x_wconf 81' lang='lat' dir='ltr'>tre</span> <span class='ocrx_word' id='word_1_304' title='bbox 2543 4638 2732 4692; x_wconf 83' lang='lat' dir='ltr'>Codici.</span> 
     </span>
    </p>
   </div>
   <div class='ocr_carea' id='block_1_4' title="bbox 3727 3591 3731 5236">
    <p class='ocr_par' dir='ltr' id='par_1_4' title="bbox 3727 3591 3731 5236">
     <span class='ocr_line' id='line_1_36' title="bbox 3727 3591 3731 5236; baseline 0 0"><span class='ocrx_word' id='word_1_305' title='bbox 3727 3591 3731 5236; x_wconf 95' lang='lat' dir='ltr'> </span> 
     </span>
    </p>
   </div>
  </div>
 </body>
</html>
