3734 5567
868 453 1010 518 264
1550 460 1959 514 conanum
2006 431 2451 514 runGA'romi

854 613 999 703 sue,
1063 606 1236 701 quia
1301 605 1361 678 si
1427 604 1655 699 hydra
1716 604 2048 678 Herculis
2099 603 2354 677 habuit
2412 611 2691 698 septem
2759 606 2995 698 capita
3054 625 3201 678 non

864 727 1117 802 babuit
1165 727 1421 799 decem
1473 743 1775 797 cornua.
1802 763 1902 776 —
1930 726 2200 797 Sicura.
2243 725 2452 796 Nunc
2498 723 2756 796 ultimo
2807 730 3023 818 poeta
3074 722 3203 797 de-

862 845 1110 922 scribit
1146 844 1615 919 novissimam
1652 844 2239 937 persecutionem
2277 843 2624 936 ecclesiae,
2659 864 2887 937 quam
2921 843 3203 918 viderat

866 973 1198 1061 tempore
1245 984 1407 1058 su0,
1460 982 1607 1057 qua
1660 962 1860 1036 nulla
1911 962 2200 1036 videtur
2249 962 2472 1035 fuisse
2525 962 2808 1056 turpior
2865 965 3203 1055 quamvis

865 1087 1128 1179 maior,
1150 1084 1440 1177 scilicet,
1468 1088 1784 1157 mortem
1814 1082 2180 1177 Bonifacii,
2210 1083 2302 1157 de
2329 1103 2474 1176 qua
2503 1083 2661 1176 J'am
2698 1102 2892 1176 saepe
2925 1082 3198 1155 dictum

867 1213 998 1281 est.
1051 1204 1452 1279 Introducit
1496 1210 1746 1277 autem
1773 1203 2064 1277 curiam
2103 1223 2484 1277 romanam
2526 1203 2667 1276 sub
2706 1204 3004 1277 nomine
3049 1223 3203 1277 me·

869 1325 1175 1418 tetricis,
1209 1324 1398 1397 sicut
1429 1323 1607 1397 alias
1658 1323 1847 1416 fecit,
1905 1329 1980 1396 et
2032 1342 2284 1419 regem
2340 1322 2664 1396 Franciae
2715 1322 2853 1394 sub
2909 1321 3202 1395 nomine

866 1444 1198 1542 gigantis.
1261 1444 1442 1517 Dicit
1490 1463 1708 1540 ergo:
1762 1464 1910 1516 una
1960 1449 2257 1534 puteana
2313 1444 2582 1531 sciona,
2633 1442 2838 1535 idest,
2901 1442 3201 1533 lubrica,

866 1564 1215 1639 dissoluta
1241 1561 1353 1658 (¹),
1406 1565 1564 1639 haec
1612 1570 1722 1638 est
1771 1564 1969 1638 enim
2010 1563 2359 1637 meretrix
2403 1582 2698 1657 magna,
2739 1582 2909 1655 quae
2949 1570 3202 1656 sponte

775 1781 788 1792 .
868 1704 949 1759 se
998 1684 1285 1761 subiicit
1334 1683 1798 1780 principibus,
1852 1689 1926 1758 et
1977 1683 2222 1757 vendit
2274 1683 2629 1757 honorem
2682 1704 2930 1776 suum,
2966 1688 3200 1776 m’ap-

859 1828 1088 1899 parve
1166 1808 1368 1878 seder
1441 1826 1800 1893 sovresso,
1878 1803 2147 1877 scilicet
2233 1823 2574 1896 currum,
2652 1823 2786 1875 con
2860 1807 2923 1877 le
2995 1807 3203 1895 ciylia

857 1932 1114 2018 prome
1159 1928 1469 2012 intorm,
1502 1929 1841 2018 prompta
1895 1923 1988 1996 ad
2039 1921 2543 1997 fornicandum
2597 1943 2768 1996 cum
2820 1923 3061 2018 procis
3110 1944 3203 1998 ex

867 2045 1069 2119 omni
1136 2051 1384 2138 parte3
1439 2042 1814 2133 meretrix,
1864 2041 2049 2135 dic0,
2101 2045 2339 2114 sicum
2401 2046 2604 2132 quasi
2662 2039 2877 2115 rdcca
2928 2048 3004 2115 in
3064 2046 3206 2118 alto

870 2170 1124 2252 monte,
1176 2167 1475 2256 propter
1525 2161 1821 2235 culmen
1872 2161 2060 2234 sedis
2108 2162 2567 2256 apostolicae3
2609 2167 2684 2237 et
2733 2163 2902 2255 quia
2951 2164 3044 2237 de
3097 2163 3200 2237 rei

873 2281 1180 2355 veritate
1229 2279 1640 2354 Bonifacius
1679 2287 1855 2353 tunc
1899 2280 2286 2373 reputabat
2335 2301 2416 2355 se
2466 2282 2787 2356 maxime
2827 2302 3203 2375 securum,

872 2400 1046 2493 quia
1098 2405 1258 2473 erat
1307 2399 1381 2472 in
1431 2420 1564 2473 sua
1616 2398 1848 2494 patria
1899 2398 2224 2493 Anagnia
2275 2399 2465 2475 inter
2525 2421 2698 2474 suos
2757 2421 2931 2474 cum
2989 2401 3205 2493 quin-

857 2518 1108 2616 gentis
1156 2517 1579 2591 satellitibus
1627 2518 1719 2591 ad
1770 2518 2174 2592 custodiam
2226 2519 2343 2591 sui
2393 2520 2738 2614 corporis.
2794 2520 2880 2593 Et
2928 2520 3203 2593 subdit:

870 2641 1016 2712 vidi
1059 2641 1136 2712 di
1182 2646 1375 2711 costa
1424 2659 1473 2710 a
1524 2641 1611 2711 lei
1654 2640 1867 2711 drino
1917 2658 2015 2711 un
2060 2642 2370 2730 gigante,
2408 2640 2612 2732 idest,
2668 2660 2921 2736 regem
2975 2640 3206 2715 Fran-

869 2760 1002 2833 cioe
1052 2759 1481 2854 Philippum,
1534 2758 1660 2852 qui
1713 2758 1848 2832 suit
1901 2779 2215 2854 magnus
2248 2779 2560 2854 corpore
2600 2766 2672 2833 et
2710 2780 2960 2856 regno,
3009 2760 3208 2835 unde

867 2878 1102 2953 dictus
1152 2884 1262 2953 est
1311 2880 1604 2973 pulcer,
1658 2886 1733 2952 et
1782 2875 1919 2950 fuit
1968 2884 2170 2952 recte
2219 2878 2448 2973 gigas»,
2506 2884 2701 2952 totus
2730 2869 2806 2970 (²)
2863 2886 3201 2953 terrenus

869 2997 1362 3093 etinsurgens
1395 3004 1652 3072 contra
1685 2997 1926 3072 Deum
1964 3017 2172 3071 more
2203 2997 2610 3093 gigantum,
2638 3001 2714 3071 di
2736 3007 2955 3088 cosla,
2981 3018 3208 3093 prope

870 3115 1096 3189 illam*
1136 3115 1628 3209 meretricem,
1677 3118 1893 3189 druco
1950 3136 2001 3187 a
2057 3119 2169 3206 lei,
2235 3116 2525 3208 scilicet,
2589 3137 2683 3191 ex
2750 3117 3111 3212 opposito:
3170 3139 3210 3190 e

868 3253 1061 3306 come
1102 3229 1361 3325 perche*
1405 3255 1546 3306 non
1598 3237 1698 3324 ali
1737 3238 1930 3328 fosse
1978 3238 2171 3328 cotta,
2215 3254 2309 3308 ne
2354 3235 2765 3309 adhaereret
2798 3235 3008 3310 alteri
3052 3236 3208 3332 regi

872 3351 989 3425 vel
1038 3352 1485 3446 imperatori,
1535 3353 1664 3426 sed
1716 3359 1909 3427 esset
1957 3353 2095 3426 sub
2145 3353 2474 3427 custodia
2526 3375 2684 3448 sua,
2732 3354 2919 3428 sicut
2969 3355 3206 3428 fuerat

870 3469 1031 3564 diu,
1084 3469 1279 3545 unde
1327 3471 1536 3545 dicit:
1580 3494 1618 3544 e
1663 3472 2072 3545 badavami
2100 3475 2382 3545 insieme
2413 3476 2930 3546 alcuna-volta:
2964 3474 3209 3548 et·hoc

871 3587 1008 3662 fluit
1040 3607 1322 3664 verum
1373 3591 1465 3665 de
1515 3591 1728 3685 facto,
1766 3592 1939 3684 quia
1973 3599 2144 3667 ante
2194 3593 2958 3668 dissensionemalter
3009 3596 3209 3684 save·

873 3708 999 3783 bat
1042 3710 1295 3804 alteri3
1345 3717 1421 3785 et
1467 3711 1887 3805 aliquando
1913 3711 2322 3786 Bonifacius
2382 3710 2692 3786 faciebat
2746 3713 3024 3808 gratias
3074 3711 3203 3806 ipsi

872 3828 1229 3924 Philippo,
1281 3830 1409 3903 sed
1459 3830 2111 3926 posteaPhilippus
2155 3832 2387 3904 factus
2420 3836 2532 3904 est
2568 3830 2702 3904 sibi
2740 3831 2963 3905 bostis
2995 3849 3208 3905 acer—

874 3947 1129 4021 rimus.
1173 3948 1378 4023 Unde
1415 3950 1691 4023 subdit:
1715 3970 1855 4023 ma
1885 3952 2048 4042 quel
2070 3954 2309 4044 feroce
2356 3953 2613 4041 drudO,
2656 3949 2863 4043 idest,
2896 3950 3210 4024 crudelis

868 4085 1161 4160 procus,
1186 4070 1260 4139 la
1288 4062 1592 4159 anyello,
1619 4068 1792 4161 quia
1834 4068 2253 4142 verberavit
2290 4069 2497 4162 peius
2538 4090 2763 4162 quam
2786 4068 3209 4145 solentfieri

867 4183 962 4258 de
1012 4187 1425 4279 meretrice,
1475 4190 1603 4260 dal
1646 4207 1825 4282 capo
1875 4189 2048 4278 infin
2086 4189 2437 4280 (cpiam,
2476 4187 2666 4262 sicut
2699 4195 2810 4262 est
2850 4189 3207 4284 scriptum

871 4321 1096 4395 supra
1146 4303 1279 4375 XX
1336 4303 1653 4396 capitulo
1703 4303 1924 4377 buius
1960 4306 2413 4400 -Purgatorii,
2455 4304 2713 4398 perche*
2757 4310 3210 4383 Voconio-cu·

1001 4559 1056 4623 υ)
1088 4561 1151 4611 E.
1183 4561 1446 4613 mmluu.
1480 4562 1620 4614 tran.
1650 4564 1791 4614 enim
1822 4569 1904 4615 est
1933 4566 2201 4616 meretrix.
2573 4567 2630 4631 ρ)
2660 4567 2723 4617 Β.
2742 4567 2877 4631 ,qni-
2904 4572 3064 4619 um
