3734 5567
904 463 1047 531 318
1688 474 2098 530 coMENTuM
2147 474 2480 528 mmmm

899 624 1120 714 gatur
1168 637 1214 692 a
1265 623 1533 690 natura
1579 638 1741 710 sua,
1777 625 2142 712 quantum
2177 618 2402 691 homo
2437 617 2510 689 in
2546 613 2824 689 bonum
2869 623 2942 690 et
2982 616 3057 689 in
3092 635 3255 689 ma-

903 737 1081 810 lum.
1134 738 1372 810 Homo
1429 736 1628 811 enim
1679 736 1773 811 de
1823 737 1940 811 sui
1990 744 2258 812 natura
2316 743 2428 811 est
2478 735 3045 830 perfectissimus
3093 736 3255 810 ani-

904 857 1244 950 malium,
1314 862 1386 932 et
1463 855 2074 951 perfectissimum
2145 877 2414 952 corpus
2497 857 2813 931 bominis
2880 856 3256 931 invenitur

902 978 1536 1074 proportionatum
1597 978 1788 1052 coelo
1851 984 1929 1052 et
1990 977 2310 1072 mund03
2373 977 2534 1052 ideo
2597 977 2798 1052 solus
2860 978 3109 1070 bomo,
3174 983 3257 1049 ut

906 1097 1144 1192 inquit
1191 1098 1522 1192 HermeS,
1576 1103 1686 1172 est
1736 1117 1974 1172 nexus
2024 1098 2155 1172 Dei
2208 1104 2282 1172 et
2332 1096 2609 1190 mundi,
2652 1117 2742 1170 eo
2794 1096 2992 1191 quod
3043 1095 3257 1170 intel-

906 1217 1182 1291 lectum
1233 1215 1562 1291 divinum
1616 1216 1689 1290 in
1740 1236 1821 1291 se
1872 1217 2116 1311 babet,
2168 1237 2303 1312 per
2367 1236 2593 1312 quem
2661 1215 3054 1310 aliquando
3104 1216 3257 1289 ele·-

910 1343 1132 1411 vatur
1183 1357 1403 1431 supra
1455 1336 1863 1432 mundum3
1917 1337 2114 1412 unde
2162 1337 2386 1411 homo
2444 1355 2925 1431 perseverans
2975 1336 3050 1409 in
3099 1336 3258 1410 cul-

907 1455 1110 1529 mine
1160 1456 1427 1530 mentis
1463 1457 1684 1531 trahit
1716 1457 1809 1532 ad
1842 1477 1925 1532 se
1956 1477 2226 1552 corpus
2262 1463 2336 1531 et
2371 1455 2760 1549 mundum,
2798 1455 2970 1549 quia
3006 1456 3257 1531 anima

907 1582 1078 1650 nata
1131 1582 1240 1651 est
1292 1577 1681 1673 principari
1731 1578 2025 1673 corpori
2077 1584 2153 1652 et
2202 1576 2502 1672 mundo,
2546 1582 2620 1651 et
2670 1577 3025 1651 naturalis
3074 1577 3258 1652 ordo

915 1702 1024 1770 est
1062 1695 1261 1790 quod
1295 1697 1542 1771 anima
1575 1697 1945 1773 contineat
1979 1718 2248 1793 corpus
2284 1717 2378 1771 ne
2412 1694 2886 1771 dissolvatur:
2924 1696 3026 1771 sic
3062 1717 3261 1770 nunc

909 1822 1125 1911 poeta
1177 1822 1428 1892 noster
1479 1838 1612 1912 per
1662 1818 2359 1913 contemplationem
2412 1823 2609 1892 stans
2644 1816 2717 1890 in
2754 1823 2955 1891 terra
2989 1816 3261 1892 eratin

911 1935 1136 2029 coelo;
1187 1936 1564 2010 fortunam
1616 1937 2033 2033 negligebat
2082 1944 2157 2011 et
2222 1937 2479 2013 vivens
2542 1942 2705 2011 erat
2765 1936 2839 2009 in
2898 1936 3256 2030 paradiso.

909 2055 1316 2151 Aliquando
1369 2076 1548 2131 vero
1599 2076 1644 2131 e
1693 2063 1952 2132 contra
2004 2060 2229 2132 homo
2293 2077 2427 2152 per
2475 2057 2906 2131 electionem
2960 2056 3131 2131 facit
3180 2076 3263 2132 se

913 2176 1337 2251 inferiorem
1394 2175 1670 2250 mundo
1734 2196 2149 2272 supponens
2207 2198 2287 2252 se
2352 2177 2667 2272 corpori,
2728 2184 2803 2252 et
2870 2184 3048 2253 tunc
3102 2178 3259 2273 Jam

917 2295 1127 2390 quasi
1193 2295 1476 2370 honore
1540 2296 2013 2372 humanitatis
2079 2303 2350 2372 exutus
2418 2297 2677 2394 accipit
2740 2298 3262 2393 proprietatem

917 2415 1192 2509 bestiae,
1259 2436 1432 2490 cum
1501 2415 1903 2492 accidentia
1960 2418 2287 2512 corporis
2348 2424 2841 2497 transmutent
2888 2418 3260 2493 animam:

918 2536 1114 2611 unde
1163 2555 1294 2630 per
1346 2534 1901 2631 imaginationes
1937 2543 2012 2612 et
2045 2538 2411 2634 passiones
2447 2538 2706 2633 accipit
2755 2537 3263 2632 corruptiones

916 2657 1266 2751 corporis,
1302 2655 1491 2730 sicut
1521 2656 1890 2732 Avicenna
1927 2657 2095 2733 dicit
2130 2658 2328 2753 quod
2364 2658 2770 2754 imaginans
2806 2658 3093 2733 colores
3132 2679 3266 2731 ru-

918 2777 1095 2851 beos
1145 2782 1373 2873 auget
1424 2784 1712 2851 motum
1765 2784 1840 2852 et
1890 2778 2177 2852 fluxum
2211 2777 2624 2875 sanguinis;
2660 2784 2734 2852 et
2775 2777 3095 2851 multum
3132 2776 3265 2850 tri-

917 2898 1043 2972 stis
1109 2898 1374 2973 timens
1440 2897 1719 2993 lepram
1789 2898 1933 2973 erit
1997 2898 2391 2993 aliquando
2468 2899 2821 2994 leprosus,
2893 2897 3101 2972 Modo
3169 2896 3264 2971 ad

917 3019 1371 3114 propositum
1423 3016 1594 3092 dicit
1641 3018 1936 3113 DanteS,
1988 3018 2186 3113 quod
2252 3039 2398 3093 non
2450 3025 2688 3114 potest
2736 3039 2934 3093 nunc
2985 3017 3267 3092 referre

918 3137 1334 3232 verbaliter,
1386 3136 1515 3216 sed
1566 3137 2089 3233 exemplariter
2154 3145 2470 3232 tantum,
2522 3159 2734 3212 suam
2796 3138 3266 3212 intrinsecam

920 3256 1282 3330 occultam
1353 3257 2068 3352 transmutationem,
2131 3256 2224 3332 de
2285 3259 2427 3332 boc
2475 3279 2557 3333 se
2607 3278 3009 3351 excusans3
3072 3255 3270 3330 unde

919 3374 1130 3449 dicit:
1185 3381 1670 3467 tra-samanar,
1721 3375 1928 3471 idest,
1990 3375 2364 3471 quomodo
2413 3378 2639 3452 homo
2686 3376 2812 3452 fiat
2875 3377 3266 3471 plusquam

921 3495 1171 3587 hom0,
1205 3495 1324 3568 vel
1357 3494 1556 3569 aliud
1592 3517 1817 3591 quam
1846 3497 2095 3591 bomo,
2126 3517 2271 3570 non
2301 3500 2366 3570 si
2388 3500 2605 3590 poria
2646 3499 3036 3589 εἰρηίβοαν,
3063 3495 3265 3589 idest,

923 3613 1395 3709 manifestari,
1440 3637 1575 3708 per
1627 3617 1868 3708 verba,
1924 3616 2219 3712 scilicet,
2273 3623 2508 3712 poetae
2559 3619 2678 3691 vel
2728 3618 3063 3712 oratoriS,
3109 3616 3274 3691 ideo

926 3751 1124 3807 nunc
1168 3733 1503 3810 describo
1539 3737 1677 3810 boc
1712 3743 1957 3812 metro
1991 3735 2126 3810 isto
2162 3742 2498 3811 materno
2526 3727 2628 3831 (⁴),
2655 3729 2837 3830 perd
2886 3738 3274 3830 resempio,

921 3853 1193 3928 scilicet
1232 3854 1664 3949 praedictum
1703 3855 1983 3951 Glauci,
2019 3857 2222 3947 hasti,
2258 3855 2431 3950 quia
2472 3856 2637 3950 plus
2678 3862 2979 3930 movent
3014 3873 3279 3930 exem-

923 3973 1040 4066 pla
1101 3994 1327 4068 quam
1387 3975 1638 4070 verba,
1701 3998 1753 4049 a
1820 3978 1935 4050 cui
1996 3978 2259 4066 qrazia
2319 3976 2526 4049 serba
2593 3978 3025 4068 espa-ianm,
3092 3973 3279 4051 idest

924 4091 1048 4186 illi,
1100 4092 1219 4167 cui
1271 4092 1516 4168 divina
1564 4093 1802 4190 gratia
1853 4094 2203 4170 concedet
2254 4095 2573 4189 experiri
2625 4096 2786 4188 hoc,
2828 4095 3016 4170 sicut
3054 4100 3277 4170 autor

928 4212 1447 4304 experiebatur
1499 4234 1721 4310 nunc,
1755 4220 1829 4289 et
1872 4214 2063 4290 sicut
2113 4214 2327 4288 multi
2377 4213 2625 4311 magni
2676 4214 3015 4291 doctores
3065 4216 3279 4289 theo-

926 4327 1072 4422 logi
1137 4331 1418 4424 experti
1482 4332 1786 4407 fuerunt
1849 4341 2025 4409 ante
2087 4354 2263 4409 eum
2325 4333 2400 4410 in
2465 4333 2609 4409 vita
2634 4326 2736 4427 (²).
2767 4339 3057 4410 —S'io
3120 4356 3270 4409 era.

1055 4584 1108 4649 (¹)
1147 4586 1207 4636 E·
1238 4591 1411 4638 metro
1443 4588 1544 4640 isto
1575 4589 1806 4640 minimo.
2122 4590 2178 4654 (¹)
2211 4591 2273 4642 E.
2306 4593 2360 4642 in
2391 4594 2495 4644 vita
2526 4605 2637 4644 sua.
