3734 5567
1332 495 1608 565 CAN-rus
1659 501 2014 577 QuAn‘ru‘s,
2702 496 2836 575 3²51

654 658 729 727 L’
755 658 946 728 altra
993 657 1414 729 dubitazion.
1467 655 1609 730 Ista
1660 663 1770 731 est
1819 658 2032 730 tertia
2096 679 2267 752 pars
2328 661 2715 757 generaliS,
2771 665 2846 738 in

504 796 651 871 qua
703 776 974 850 Dantes
1021 774 1347 869 procedit
1396 775 1490 849 ad
1539 776 1974 850 solutionem
2028 778 2285 871 primae
2335 780 2842 880 dubitationis3

506 902 579 971 et
628 896 868 991 primo
919 894 1289 990 praemittit
1339 914 1574 989 quare
1611 894 1971 970 distulerit
2012 896 2451 972 solutionem
2491 901 2701 997 illius,
2736 903 2850 976 di-

507 1036 718 1090 cens:
772 1017 846 1087 L’
872 1017 1063 1087 altra
1094 1013 1519 1105 dubitazion,
1555 1014 1824 1089 scilicet
1865 1014 2127 1110 prima,
2164 1018 2283 1088 che
2332 1020 2384 1090 ti
2419 1039 2846 1114 commuove,

510 1134 712 1228 idest,
762 1134 1146 1230 perturbat
1201 1139 1519 1209 mentem
1569 1140 1807 1228 tuam,
1844 1137 1936 1206 Ιια
1979 1155 2134 1208 men
2170 1138 2428 1232 veleno,
2472 1140 2643 1233 quia
2698 1161 2847 1214 non

508 1264 750 1350 posset
804 1252 1101 1327 inficere
1167 1253 1492 1327 animam
1542 1253 1884 1328 haeretica
1935 1253 2328 1350 pravitate3
2382 1257 2576 1332 unde
2625 1259 2836 1333 dicit:

508 1367 567 1447 si
597 1376 718 1446 che
752 1395 885 1447 sua
928 1375 1213 1445 maazia
1252 1393 1395 1444 non
1422 1375 1472 1444 ti
1490 1375 1730 1464 petria
1755 1393 2006 1445 menar
2032 1376 2127 1446 da
2165 1395 2272 1446 me
2305 1378 2596 1470 altrove,
2628 1376 2834 1471 idest,

509 1513 554 1569 a
589 1494 896 1569 veritate
929 1513 1157 1567 sacrae
1193 1492 1574 1586 scripturae
1610 1491 1682 1564 in
1723 1491 2209 1587 ignorantiam
2251 1493 2528 1568 falsam.
2557 1496 2642 1568 Et
2670 1517 2848 1570 con-

513 1611 756 1686 firmat
806 1612 1079 1686 dictum
1142 1633 1360 1686 suum
1423 1632 1556 1706 per
1607 1610 1998 1685 notabilem
2060 1613 2517 1709 sententiam,
2562 1614 2845 1689 dicens:

515 1736 588 1806 la
619 1739 865 1804 nostra
911 1735 1263 1822 qiuscizia,
1291 1730 1582 1824 scilicet,
1618 1730 1883 1824 divina,
1938 1751 2104 1824 quae
2156 1738 2267 1804 est
2314 1752 2604 1828 semper
2644 1756 2846 1828 vera,

505 1872 733 1945 parer
765 1854 1067 1942 inqiusta
1101 1853 1249 1941 ayli
1281 1852 1470 1922 ocelli
1502 1852 1606 1922 de'
1632 1851 1939 1940 mortali,
1967 1848 2170 1942 idest,
2198 1843 2678 1926 intellectibus
2716 1856 2847 1928 bo-

516 1970 794 2043 minum
850 1969 1176 2064 infirmis,
1219 1967 1259 2045 e*
1304 1976 1716 2060 aryomenlo
1766 1972 1841 2042 di
1881 1970 2064 2062 sede,
2107 1969 2396 2064 scilicet,
2433 1969 2852 2069 christiana,

385 2153 390 2158 ,
512 2111 551 2162 e
582 2109 723 2161 non
757 2092 826 2162 d’
851 2091 1101 2162 eret-ica
1131 2092 1480 2183 nequizia',
1521 2088 1697 2183 quia
1731 2088 1970 2161 bonus
2004 2089 2228 2162 homo
2262 2090 2491 2163 credit
2536 2091 2846 2166 firmiter

512 2211 746 2285 Deum
800 2230 960 2285 esse
1018 2230 1311 2305 semper
1358 2210 1670 2304 Justum,
1722 2208 1888 2283 licet
1946 2208 2186 2285 videat
2253 2230 2447 2304 saepe
2478 2202 2549 2302 (¹)
2606 2212 2850 2306 aliqua

512 2351 737 2425 opera
787 2331 1290 2424 iniustissima3
1342 2337 1418 2405 et
1478 2330 1578 2404 sic
1637 2328 1867 2404 credit
1927 2329 2124 2423 quod
2179 2350 2323 2403 non
2383 2331 2599 2425 videt,
2654 2333 2851 2426 quod

515 2457 624 2525 est
671 2457 1192 2546 argumentum
1225 2449 1440 2528 fidei.
1500 2451 1589 2523 Et
1647 2449 2003 2544 promittit
2051 2450 2513 2546 solutionem,
2562 2452 2848 2527 dicens:

515 2591 634 2643 ma
682 2574 753 2643 io
803 2575 856 2643 ti
893 2565 1067 2663 saro
1116 2578 1451 2663 comeum,
1492 2569 1584 2644 de
1633 2569 1769 2642 isto
1811 2569 1908 2642 du
1920 2569 2059 2661 bio,
2095 2590 2287 2641 come
2321 2572 2561 2661 desiri,
2597 2592 2855 2665 aequa-

513 2689 677 2765 liter
727 2690 912 2764 sicut
961 2690 1421 2765 desiderabas
1475 2690 1631 2764 fieri
1690 2691 1781 2763 de
1835 2691 1993 2784 jam
2045 2689 2260 2781 dicto,
2301 2687 2563 2783 perche*
2608 2699 2850 2765 vostro

515 2813 1048 2901 accoryimento,
1084 2811 1287 2906 idest,
1324 2810 1697 2906 ingenium
1736 2811 2146 2883 humanum
2184 2829 2355 2883 cum
2394 2810 2689 2886 scientia
2734 2831 2854 2886 se-

514 2930 767 3024 culari,
798 2937 1004 3022 pezole
1034 2930 1161 3002 ben
1185 2938 1563 3023 penetrare
1611 2951 1656 3002 a
1709 2935 1949 3020 questa
1997 2931 2303 3003 veritate.
2343 2931 2525 3003 Nam
2576 2930 2856 3005 Aristo-

517 3050 696 3124 teles
746 3049 959 3125 tertio
1010 3051 1432 3124 Ethicorum
1472 3051 1727 3144 pulcre
1763 3055 2161 3143 pertractat
2207 3049 2418 3123 istam
2472 3051 2856 3126 veritatem

519 3167 612 3241 de
645 3168 1060 3243 voluntario
1093 3175 1169 3243 et
1203 3168 1691 3243 involuntario
1714 3159 1811 3260 (²).
1841 3208 1941 3221 —
1965 3173 2071 3241 Se.
2110 3168 2319 3241 Nunc
2351 3168 2645 3243 Beatrix
2681 3169 2862 3244 inci-

519 3286 623 3381 pit
671 3286 955 3361 solvere
1004 3288 1269 3363 dictam
1323 3288 1826 3383 quaestionem,
1881 3293 1954 3362 et
2005 3287 2253 3384 arguit
2313 3307 2442 3382 per
2492 3287 2861 3363 diffinitio-

523 3425 692 3478 nem
746 3406 1061 3500 violenti,
1115 3407 1311 3500 quod
1371 3408 1527 3481 istae
1588 3406 1937 3481 mulieres
1998 3427 2144 3480 non
2209 3413 2511 3501 possunt
2562 3408 2861 3482 omnino

522 3522 660 3597 dici
704 3523 1134 3600 violentatae.
1170 3527 1258 3600 Et
1292 3527 1383 3600 ad
1419 3525 1968 3621 intelligentiam
2005 3526 2226 3598 huius
2264 3525 2492 3599 literae
2527 3532 2637 3598 est
2670 3546 2862 3620 prae-

526 3641 925 3716 notandum
965 3643 1159 3737 quod
1202 3645 1698 3719 voluntarium
1734 3645 2000 3718 dicitur
2033 3644 2244 3717 cuius
2278 3642 2714 3738 principium
2752 3650 2862 3717 est

523 3763 596 3836 in
649 3762 805 3856 ipso
854 3770 1243 3856 operante3
1296 3764 1868 3838 involuntarium
1905 3783 1949 3837 e
1982 3769 2238 3836 contra
2274 3767 2383 3836 est
2416 3760 2629 3834 cuius
2663 3761 2864 3854 prin-

525 3882 795 3977 cipium
848 3881 1030 3955 est*
1056 3883 1150 3955 ab
1201 3888 1410 3959 extra
1448 3883 1644 3977 quod
1681 3883 1758 3957 fit
1790 3883 2194 3977 dupliciter,
2234 3882 2348 3956 vel
2402 3900 2532 3975 per
2583 3881 2863 3954 violen-

525 4001 700 4075 tiam
754 4002 871 4076 vel
923 4023 1054 4096 per
1105 4003 1634 4100 ignorantiam3
1699 4003 2102 4077 violentum
2164 4009 2275 4076 est
2334 4001 2546 4074 cuius
2596 4001 2865 4095 princi-

528 4119 727 4212 pium
790 4118 963 4194 est*
995 4112 1067 4213 (³)
1124 4123 1603 4217 extrinsecu5‚
1656 4123 1755 4197 ita
1816 4122 2014 4216 quod
2066 4122 2347 4217 patiens
2404 4120 2575 4194 nibil
2619 4122 2867 4196 confe-

530 4248 645 4313 rat
710 4240 1171 4336 violentanti3
1242 4244 1431 4317 sicut
1490 4243 1548 4316 si
1618 4243 1950 4316 homines
2015 4248 2446 4336 potestatem
2520 4243 2871 4316 babentes

651 4468 710 4529 (¹)
744 4469 805 4518 E.
839 4481 1060 4531 semper.

650 4541 707 4603 (⁸)
741 4544 801 4593 E.
836 4550 894 4593 ut
927 4544 996 4593 ibi
1028 4546 1235 4596 dicitur.
1255 4573 1316 4583 —
1341 4547 1420 4596 Se.
1454 4546 1623 4596 Nunc.

653 4618 710 4679 (⁸)
739 4619 814 4671 Le
847 4619 1026 4682 parole
1056 4620 1139 4672 rra
1169 4622 1187 4672 i
1219 4623 1321 4673 due
1352 4622 1619 4672 asteriscbi
1651 4634 1743 4671 son
1773 4623 1998 4687 supplite
2023 4623 2167 4688 dagli
2199 4624 2320 4674 altri
2353 4629 2432 4674 tre
2464 4624 2655 4674 Codici.
