3734 5567
894 450 1038 515 402
1675 454 2085 511 com-:mum
2133 452 2463 508 PARAmsr

893 605 1096 699 idest,
1150 606 1563 698 transparet
1617 599 2050 673 umbraliter
2080 592 2153 691 (¹)
2210 597 2308 671 ibi
2370 597 2445 671 in
2496 597 2799 693 mundo,
2851 599 3024 692 quia
3076 596 3253 671 nihil

894 730 1134 820 potest
1181 722 1421 798 amari
1473 720 1607 795 nisi
1660 721 1941 794 bonum
1996 719 2115 793 vel
2164 738 2528 814 apparens
2577 718 2883 811 bonum,
2928 723 3013 791 ut
3058 737 3251 812 saepe

892 844 1169 918 dictum
1237 848 1347 917 est
1415 846 1488 916 et
1554 840 1860 915 dicetur.
1902 880 2002 894 —
2050 844 2168 911 Tu.
2235 839 2447 912 Nunc
2512 838 2805 912 Beatrix
2871 838 3247 932 praemisso

894 964 1198 1039 exordio
1248 961 1619 1038 descendit
1666 961 1762 1036 ad
1812 960 2164 1052 dubium;
2209 966 2284 1033 et
2319 959 2558 1053 primo
2601 959 2937 1054 proponit
2985 960 3245 1055 ipsum,

896 1083 1185 1158 dicens:
1232 1089 1331 1155 Tu
1365 1084 1527 1154 vuoi
1556 1102 1797 1173 saper,
1830 1102 1907 1153 se
1948 1102 2081 1153 con
2115 1083 2303 1153 altro
2335 1084 2666 1173 sermyw,
2703 1079 2995 1175 scilicet,
3030 1081 3245 1174 bono,

897 1207 962 1277 si
1003 1197 1147 1297 pud
1192 1206 1455 1276 render
1504 1209 1725 1294 canto,
1768 1202 2061 1294 scilicet,
2114 1200 2292 1294 Den,
2331 1222 2470 1293 per
2519 1221 2771 1273 manco
2822 1207 3008 1291 voto,
3043 1201 3245 1295 idest,

899 1323 1364 1416 defectivum,
1417 1323 1639 1417 quale
1689 1322 1824 1395 fuit
1875 1328 2131 1396 votum
2169 1321 2543 1395 Pichardae
2578 1327 2651 1396 et
2686 1321 3144 1416 Constantiae,
3185 1315 3250 1395 si

898 1447 1017 1517 che
1063 1445 1279 1516 sic-uri
1327 1446 1372 1516 l’
1398 1446 1666 1533 anima,
1707 1442 1911 1535 idest,
1954 1448 2271 1535 securet‚
2308 1442 2426 1515 vel
2460 1462 2801 1516 securam
2840 1442 3058 1516 faciat
3087 1442 3248 1516 ani-

898 1584 1126 1658 mam,
1178 1566 1254 1637 di
1302 1566 1543 1655 litiyio,
1595 1562 1696 1636 ita
1751 1560 1949 1656 quod
2002 1582 2146 1634 non
2190 1560 2574 1635 obiiciatur
2625 1561 2758 1635 sibi
2808 1562 2899 1636 ad
2952 1563 3241 1657 culpam

898 1684 973 1758 in
1032 1685 1308 1779 judicio
1377 1683 1631 1759 aeterni
1676 1682 1962 1778 judicis.
2030 1682 2117 1754 Et
2183 1681 2424 1755 subdit
2481 1703 2906 1776 processum
2970 1683 3248 1758 Beatri-

898 1805 1000 1879 cis
1048 1804 1141 1878 ad
1192 1803 1620 1878 solvendum
1663 1802 2001 1895 dubium,
2038 1801 2327 1876 dicens:
2364 1805 2683 1875 Beam'ce
2713 1796 3077 1896 comincid,
3111 1803 3249 1877 sci-

898 1925 1086 2018 licet,
1138 1947 1184 1999 a
1237 1924 1668 2018 repetitione
1718 1922 1885 1996 dicti
1940 1921 2162 2017 dubii,
2216 1929 2451 2014 questo
2520 1930 2752 2015 οαηιο,
2804 1922 3010 2018 idest,
3064 1944 3250 2018 prae-

900 2066 1066 2121 sens
1116 2044 1544 2138 capitulum,
1586 2065 1624 2116 e
1674 2034 1998 2116 continuo
2047 2035 2188 2115 cosi
2221 2045 2277 2114 il
2293 2063 2631 2135 processo
2666 2050 2894 2136 santo,
2928 2065 2974 2117 a
3012 2043 3245 2136 simili,

897 2158 958 2239 si
1007 2167 1180 2237 com’
1206 2184 1369 2236 uom
1419 2165 1540 2235 che
1592 2184 1720 2236 suo
1776 2165 2038 2254 parlar
2096 2183 2241 2235 non
2302 2183 2585 2256 spaza,
2646 2162 2849 2256 idest,
2908 2163 3037 2257 qui
3103 2183 3248 2237 non

902 2283 1311 2358 intermittit
1338 2274 1413 2375 (²)
1470 2282 1968 2357 narrationem
2020 2303 2233 2357 suam
2288 2282 2817 2377 interponendo
2866 2283 3090 2376 aliud,
3132 2284 3246 2357 vel

899 2402 1128 2477 alium
1182 2422 1622 2477 sermonem.
1651 2443 1750 2456 —
1775 2407 1876 2475 Lo
1928 2406 2275 2494 mayqior.
2313 2403 2445 2476 Hic
2480 2402 2772 2477 Beatrix
2816 2403 3071 2477 volens
3105 2404 3247 2477 sol-

903 2544 1080 2599 vere
1129 2523 1463 2618 dubium,
1516 2523 1891 2619 praemittit
1943 2523 2281 2618 quaedam
2336 2522 2746 2598 necessaria
2796 2522 2888 2597 ad
2939 2523 3244 2597 solutio-

901 2665 1070 2719 nem
1123 2645 1313 2739 voti3
1367 2652 1442 2719 et
1490 2645 1727 2740 primo
1780 2645 2191 2719 libertatem
2245 2643 2553 2738 arbitrii,
2591 2644 2664 2717 in
2699 2665 2848 2738 qua
2890 2651 3042 2719 tota
3085 2645 3247 2720 fun-

899 2766 1116 2840 datur
1168 2770 1469 2840 votum:
1528 2765 1722 2839 unde
1772 2764 1864 2838 de
1914 2765 2089 2858 jure
2134 2764 2323 2837 civili
2376 2784 2637 2839 servus
2686 2784 2834 2851 non
2887 2771 3120 2859 potest
3168 2786 3249 2839 se

897 2885 1247 2982 obligare,
1315 2888 1489 2980 quia
1558 2906 1707 2958 non
1769 2884 1990 2958 habet
2052 2885 2531 2978 voluntatem,
2601 2884 2798 2959 unde
2865 2891 3248 2980 reputatur

900 3011 1241 3079 mortuus
1308 3004 1636 3079 civiliter.
1712 3004 2006 3077 Extollit
2068 3023 2249 3100 ergo
2309 3003 2695 3100 magnifice
2762 3004 2953 3078 istud
3013 3006 3250 3080 nobile

901 3125 1362 3220 principium,
1390 3124 1675 3198 dicens:
1708 3129 1807 3196 Lo
1834 3127 2164 3215 mayqior
2191 3127 2379 3198 dono
2412 3126 2532 3196 che
2565 3127 2706 3196 Dio
2732 3129 2912 3218 sesse
2942 3128 3249 3200 creando

896 3265 1029 3337 per
1076 3265 1208 3317 sua
1260 3246 1672 3335 larqlzezza,
1724 3243 1929 3338 idest,
1986 3264 2251 3339 magna
2313 3243 2766 3339 liberalitate,
2819 3267 2858 3317 e
2911 3241 3033 3338 pit)
3082 3267 3250 3319 con-

896 3368 1210 3457 formato
1261 3367 1409 3437 alla
1456 3385 1587 3436 sua
1645 3366 1944 3457 bontate,
2007 3364 2181 3458 quia
2242 3363 2439 3437 Deus
2505 3371 2616 3438 est
2682 3365 3125 3458 liberrimae,
3177 3372 3251 3440 et

905 3483 1132 3558 libere
1181 3484 1357 3581 agit,
1408 3507 1446 3557 e
1512 3488 1669 3575 quel
1715 3487 1815 3556 ch’
1842 3488 1906 3557 ei
1943 3480 2071 3577 pici
2135 3504 2526 3576 apprezza,
2579 3483 2753 3577 quia
2815 3505 2948 3579 per
3010 3485 3245 3580 ipsum

901 3604 1125 3678 homo
1178 3603 1256 3677 fit
1306 3604 1716 3677 simillimus
1767 3604 1942 3698 Deo,
1988 3607 2073 3696 su
2123 3607 2195 3676 la
2247 3606 2557 3677 libertate
2597 3606 2782 3677 della
2828 3598 3129 3677 volonld.
3165 3605 3250 3678 Et

903 3724 1022 3798 hic
1056 3730 1227 3797 nota
1263 3724 1455 3798 bene
1488 3723 1684 3817 quod
1719 3723 1987 3798 Sextus
2024 3724 2571 3819 PythagoricuS‚
2615 3730 2695 3797 ut
2732 3725 2957 3799 refert
2993 3725 3245 3822 Augu-

903 3843 1156 3938 stinuS,
1193 3843 1409 3918 dixit:
1447 3844 1857 3918 libertatem
1895 3843 2174 3917 arbitrii
2217 3843 2414 3917 dedit
2448 3845 2643 3918 Deus
2686 3844 3128 3940 hominibuS‚
3169 3851 3250 3918 ut

900 3983 1089 4058 pure
1139 3969 1214 4039 et
1262 3963 1418 4038 sine
1470 3970 1768 4059 peccato
1801 3964 2133 4038 viventes
2168 3963 2441 4037 similes
2484 3964 2660 4037 liant
2695 3966 2870 4039 Deo,
2914 3966 3127 4060 Nam,
3169 3970 3255 4037 ut*

904 4082 1097 4157 idem
1150 4084 1345 4177 dicit,
1383 4084 1493 4158 vir
1534 4091 1777 4159 castus
1828 4094 1901 4160 et
1951 4084 2107 4158 sine
2147 4089 2447 4179 peccato
2482 4084 2761 4179 accepit
2793 4107 2839 4159 a
2875 4087 3027 4160 Deo
3064 4084 3247 4160 effici

906 4201 1096 4275 filius
1147 4204 1316 4297 Dei3
1372 4207 1728 4300 templum
1782 4205 1979 4279 enim
2033 4204 2321 4277 Domini
2358 4212 2467 4280 est
2506 4227 2713 4281 mens
2755 4228 2965 4302 pura,
3022 4214 3097 4281 et
3146 4207 3253 4280 al-

907 4327 1068 4395 tare
1118 4322 1477 4416 optimum
1533 4331 1643 4399 est
1672 4315 1744 4415 (³)
1800 4325 1864 4397 ei
1919 4344 2051 4397 cor
2107 4324 2491 4397 mundum.
2539 4326 2755 4423 Erg0‚
2790 4326 2882 4400 ad
2918 4325 3107 4401 ben'e
3145 4325 3255 4398 vi-

1028 4510 1081 4572 (¹)
1117 4509 1179 4558 E.
1212 4509 1577 4560 umbratiliter.
1828 4509 1883 4572 (¹)
1917 4512 1979 4561 E.
2013 4512 2325 4573 intermittit,
2359 4513 2511 4564 aliter
2542 4515 2791 4566 interimit
2824 4516 3189 4566 narrationem.

1031 4583 1164 4648 (⁸14,
1197 4589 1276 4635 est
1307 4586 1446 4635 enim
1479 4601 1572 4638 cor
1602 4586 1874 4638 mundum.
