3734 5567
1199 464 1477 520 CANTus
1526 469 1909 524 vlcEsmus
1958 468 2299 524 OCTAVUS·
2788 461 2919 529 171

581 611 812 685 rabile
862 611 1363 705 spectaculum
1415 617 1578 685 erat
1628 612 1880 687 videre
1930 615 2277 688 latentem
2331 635 2558 709 parvo
2611 617 2925 713 navigio,

579 751 802 824 quem
855 731 1075 825 paulo
1108 736 1281 803 ante
1314 730 1438 805 vix
1473 751 1695 805 omne
1729 753 1939 807 mare
1975 733 2308 832 capiebat
2342 742 2416 808 et
2449 736 2686 809 omnis
2722 743 2920 811 terra

578 851 978 945 tremebat3
1032 851 1158 925 sed
1210 851 1335 943 qui
1389 850 1774 926 videbatur
1827 853 2115 927 calcare
2167 853 2402 928 sidera
2457 856 2657 929 velut
2692 857 2922 953 lepuS,

576 972 780 1045 velut
805 962 882 1063 (¹)
954 991 1122 1044 mus
1187 970 1516 1066 paviduS,
1585 972 1822 1047 victus
1893 973 2237 1047 vilissime
2301 980 2501 1049 terra
2573 983 2645 1051 et
2712 979 2925 1073 mari,

577 1112 806 1184 parva
857 1093 1123 1187 scapha
1176 1091 1332 1165 sine
1381 1091 1685 1165 minimo
1747 1113 1986 1187 servo,
2041 1093 2301 1168 redivit
2369 1095 2443 1167 in
2492 1095 2761 1192 Asiam,
2816 1099 2925 1172 di-

575 1231 826 1305 spersa
878 1211 1345 1285 multitudine
1396 1211 1742 1306 inaudita,
1780 1219 2003 1307 prout
2034 1212 2322 1286 dicetur
2362 1215 2646 1308 plenius
2697 1217 2920 1290 Para-

574 1331 705 1404 disi
757 1331 1076 1426 capitulo
1128 1330 1320 1424 v1113
1370 1351 1517 1403 non
1565 1336 1855 1422 soffwse
1888 1326 2013 1423 pi&
2056 1334 2219 1404 odio
2270 1335 2367 1405 da
2419 1338 2746 1408 Leandro
2787 1358 2924 1429 per

574 1458 1013 1545 mareyyiar,
1067 1453 1271 1546 idest,
1324 1454 1686 1526 fluctuare
1737 1452 2044 1545 fortiter,
2083 1455 2278 1525 incra
2327 1458 2519 1527 Sesto
2569 1463 2637 1529 et
2664 1458 2914 1551 Abido,

574 1572 755 1647 duas
784 1571 1325 1667 antiquissimas
1351 1571 1701 1665 civitateS,
1728 1571 1822 1644 de
1848 1572 2117 1664 quibus
2146 1572 2225 1645 fit
2260 1572 2605 1667 frequens
2642 1577 2918 1651 mentio

572 1693 766 1789 apud
819 1714 1078 1767 omnes
1127 1691 1713 1766 autores.·Unde
1772 1697 1846 1765 et
1906 1691 2152 1766 Livius
2215 1691 2439 1766 refert
2506 1694 2918 1770 miserabile

574 1814 854 1889 facinus
890 1814 982 1888 de
1015 1812 1382 1909 abydenis,
1413 1811 1541 1906 qui
1576 1832 1670 1885 ex
1704 1811 2212 1906 desperatione
2245 1833 2380 1907 pro
2416 1812 2751 1888 libertate
2786 1835 2919 1889 sua

575 1932 1131 2008 trucidaverunt
1179 1953 1261 2007 se
1312 1931 1648 2025 invicem,
1702 1951 1798 2004 ne
1847 1931 2184 2006 venirent
2214 1923 2286 2023 (²)
2328 1932 2401 2005 in
2446 1954 2709 2007 manus
2752 1935 2921 2008 Phi—

571 2052 739 2148 lippi
793 2051 985 2148 regis
1037 2050 1552 2142 macedonum,
1597 2049 1723 2142 qui
1764 2050 2043 2123 bellum
2083 2051 2391 2145 gerebat
2441 2071 2614 2125 cum
2670 2074 2920 2127 roma-

570 2173 726 2268 nis,
779 2175 897 2245 che
947 2174 1126 2265 quel,
1180 2170 1471 2264 scilicet,
1526 2171 1804 2244 flumen
1853 2170 2257 2264 Lethaeum,
2320 2174 2417 2244 da
2467 2193 2598 2263 me,
2651 2173 2919 2246 substi-

568 2294 732 2367 nuit
780 2292 1055 2386 odium,
1084 2287 1341 2384 perche*
1386 2293 1573 2363 allor
1621 2312 1768 2362 non
1816 2293 1872 2363 ς’
1899 2311 2172 2382 aperse,
2224 2290 2316 2365 ad
2368 2291 2683 2366 dandam
2738 2292 2910 2365 mihi

570 2414 788 2489 viam.
840 2414 929 2486 Et
979 2411 1095 2485 hic
1145 2417 1320 2484 nota
1371 2430 1598 2503 quam
1649 2410 1840 2484 bene
1891 2411 2342 2505 comparatio
2387 2411 2552 2486 facit
2604 2413 2696 2486 ad
2747 2433 2919 2507 pro-

570 2533 912 2629 positum,
965 2531 1023 2604 si
1075 2530 1488 2605 consideres
1539 2530 1863 2626 singulas
1914 2536 2158 2625 partes
2209 2531 2367 2605 eius
2418 2530 2912 2627 comparando

568 2652 984 2728 Leandrum
1038 2651 1274 2744 Danti,
1315 2652 1510 2724 Hero
1545 2650 1885 2743 Mathildi,
1923 2651 2255 2724 strictum
2295 2671 2504 2725 mare
2537 2652 2708 2724 huic
2749 2651 2917 2724 stri-

569 2781 688 2850 cto
741 2772 1045 2866 flumini,
1098 2791 1435 2845 amorem
1487 2771 1799 2844 Leandri
1849 2769 1942 2844 ad
1993 2770 2366 2844 dominam
2420 2791 2657 2865 suam,
2706 2791 2916 2844 amo-

571 2916 729 2970 rem
766 2892 1015 2967 Dantis
1066 2891 1158 2964 ad
1210 2891 1582 2965 dominam
1630 2890 1865 2984 istam,
1904 2888 2155 2963 odium
2196 2891 2506 2964 Leandri
2547 2890 2637 2964 ad
2680 2910 2915 2985 mare,

568 3015 818 3090 odium
846 3012 1094 3087 Dantis
1119 3011 1209 3085 ad
1237 3012 1551 3105 flumen,
1587 3011 1714 3084 sed
1749 3011 2019 3085 Dantes
2053 3010 2189 3083 fuit
2222 3011 2648 3106 prudentior
2676 3014 2910 3086 Lean-

568 3135 725 3229 dro,
780 3134 952 3228 quia
1017 3154 1163 3207 non
1213 3131 1472 3206 deiecit
1524 3150 1604 3205 se
1653 3130 1746 3205 ad
1797 3152 2073 3224 aquam
2133 3131 2325 3204 sicut
2376 3131 2517 3225 ille,
2573 3131 2722 3205 imo
2784 3152 2917 3206 ex-

569 3253 883 3351 pectavit
936 3272 1324 3346 usquequo
1374 3250 1727 3325 Mathildis
1781 3252 2107 3325 traheret
2167 3270 2340 3324 eum
2394 3249 2487 3324 ad
2536 3251 2755 3324 aliam
2812 3251 2914 3322 ri-

567 3378 762 3470 pam,
790 3413 889 3427 —
926 3375 1068 3445 Voi.
1122 3371 1252 3445 Hic
1303 3377 1519 3466 poeta
1566 3369 1768 3465 ponit
1802 3368 2211 3443 orationem
2263 3369 2615 3443 Mathildis
2664 3369 2757 3443 ad
2810 3390 2913 3463 se,

570 3514 740 3589 quae
790 3492 1108 3569 excludit
1157 3490 1717 3566 admirationem
1777 3489 1874 3563 ab
1932 3488 2181 3563 animo
2242 3494 2629 3584 poetarum
2682 3510 2908 3582 quam

567 3614 1003 3690 videbantur
1054 3610 1506 3687 contraxisse
1556 3629 1647 3683 ex
1686 3609 1845 3682 eius
1882 3607 2060 3701 risu,
2096 3613 2317 3681 cantu
2371 3614 2444 3681 et
2492 3606 2783 3703 gaudio.
2820 3609 2912 3680 Et

568 3734 859 3809 videtur
909 3730 1432 3808 sententialiter
1464 3719 1537 3822 (³)
1593 3727 1877 3803 dicere:
1929 3748 2077 3801 non
2128 3726 2405 3800 debetis
2455 3725 2548 3799 de
2599 3727 2739 3800 hoc
2774 3726 2915 3799 mi—

568 3855 740 3949 rari,
792 3855 966 3949 quia
1019 3873 1185 3927 mea
1236 3850 1621 3925 delectatio
1673 3870 1818 3923 non
1869 3845 2198 3942 procedit
2257 3867 2303 3919 a
2354 3845 2676 3920 vanitate
2725 3845 2915 3918 sicut

566 3975 640 4048 in
692 3973 1124 4048 mulieribus
1175 3970 1592 4045 viventibus
1625 3967 1975 4043 amoratis
2009 3966 2082 4039 in
2121 3963 2398 4037 mundo
2438 3963 2748 4056 mortali,
2785 3963 2911 4038 sed

569 4094 662 4167 ab
709 4095 1122 4186 honestate3
1178 4091 1411 4166 virtus
1465 4089 1660 4164 enim
1713 4109 1861 4162 non
1913 4088 2150 4161 solum
2204 4089 2315 4159 est
2366 4083 2645 4157 bonum
2683 4085 2917 4157 hone-

570 4218 789 4307 stum,
841 4213 967 4287 sed
1018 4211 1238 4286 etiam
1293 4210 1474 4283 utile
1524 4213 1599 4282 et
1647 4206 2073 4282 delectabile
2123 4205 2439 4280 habenti.
2497 4202 2682 4281 Dicit
2732 4224 2913 4299 ergo

571 4336 822 4428 poeta:
875 4336 1059 4424 Ello,
1110 4331 1402 4424 scilicet,
1444 4328 1739 4403 domina
1789 4333 1943 4401 tam
1994 4327 2182 4421 laeta,
2219 4317 2581 4417 comino-id,
2617 4323 2912 4416 scilicet,

693 4519 747 4582 (¹)
783 4523 891 4580 117,
926 4518 1008 4570 vel
1041 4532 1159 4568 mus
1192 4517 1422 4581 pavidus.
1670 4511 1725 4576 (⁸)
1758 4512 1818 4562 E.
1850 4525 1918 4563 ne
1952 4513 2187 4563 venirent
2219 4512 2316 4563 sub
2347 4510 2585 4574 Philippo
2615 4521 2756 4573 rege.

690 4594 749 4661 (⁸)
780 4596 832 4647 S.
864 4608 895 4647 c
929 4599 1038 4658 117,
1072 4593 1449 4647 sententialiter
1481 4591 1617 4644 velle
1649 4591 1837 4643 dicere.
