3734 5567
1468 489 1743 544 CAN‘rus
1791 490 2077 545 ramus.
2799 485 2941 553 329

597 643 748 711 tem
802 656 949 711 non
1000 634 1183 709 laesit
1235 634 1742 728 manducatuS,
1797 641 1979 710 teste
2041 635 2381 733 Galien03
2447 645 2520 715 et
2581 660 2750 716 mus
2816 644 2945 738 qui

595 758 920 855 pascitur
970 756 1259 852 napello
1321 762 1432 830 est
1494 755 1747 830 tiriaca
1809 761 2064 831 contra
2131 760 2524 853 napellum.
2596 761 2941 839 Similiter

593 885 840 955 tantus
891 884 1003 953 est
1051 877 1237 951 ordo
1272 875 1746 973 providentiae
1778 875 2042 951 divinae
2076 878 2272 970 quod
2313 882 2597 957 nullum
2634 890 2745 957 est
2786 890 2935 958 tam

597 1021 956 1097 magnum
1010 998 1320 1092 malum,
1372 996 1569 1091 quod
1620 994 1789 1071 inde
1838 1016 1985 1071 non
2020 996 2257 1072 eliciat
2297 1000 2589 1094 aliquod
2630 1004 2930 1079 bonum.

596 1121 803 1195 Unde
850 1118 1305 1216 Augustinus
1355 1117 1430 1190 in
1460 1109 1531 1209 (¹)
1588 1116 2048 1191 Enchiridion
2099 1117 2315 1192 dicit:
2370 1119 2565 1195 Deus
2598 1122 2935 1219 omnipo-

597 1247 759 1315 tens
809 1260 958 1314 non
1010 1239 1283 1313 sineret
1333 1237 1492 1312 fieri
1545 1238 1739 1311 mala
1791 1237 1946 1313 sive
1981 1244 2267 1312 naturae
2302 1239 2455 1314 sive
2497 1242 2750 1337 culpae,
2782 1244 2939 1319 sive

596 1380 858 1456 poenae,
912 1359 1046 1435 nisi
1100 1366 1292 1434 esset
1342 1359 1441 1433 ita
1493 1365 1770 1454 potenS,
1833 1357 2033 1451 quod
2083 1380 2178 1434 ex
2220 1380 2695 1454 quocumque
2744 1366 2939 1440 malo

596 1485 840 1576 posset
905 1480 1174 1554 elicere
1239 1479 1599 1574 optimum
1669 1479 1972 1552 bonum.
2043 1480 2130 1552 Et
2197 1478 2413 1553 dicit:
2470 1501 2610 1574 per
2676 1484 2945 1559 diverse

595 1604 795 1693 sorti,
850 1601 1058 1695 quasi
1109 1599 1321 1694 dicat,
1372 1600 1587 1673 aliter
1637 1604 1711 1673 et
1759 1599 1996 1692 aliter,
2049 1598 2191 1672 illae
2240 1604 2552 1694 naturae,
2585 1600 2772 1695 dico,
2817 1598 2941 1694 piu

598 1742 637 1794 e
667 1740 825 1793 men
862 1723 1077 1794 vicine
1109 1722 1186 1793 al
1204 1722 1559 1814 principio
1586 1721 1769 1811 lore,
1802 1717 2093 1811 scilicet,
2123 1718 2300 1812 Dee,
2329 1718 2455 1812 qui
2483 1724 2594 1793 est
2617 1719 2939 1814 primum

596 1840 1032 1936 principium
1080 1860 1407 1934 movens,
1459 1838 1646 1913 sicut
1686 1839 1844 1935 jam
1914 1839 2105 1913 hene
2167 1839 2621 1915 declaratum
2691 1846 2802 1915 est
2867 1841 2942 1914 in

595 1960 950 2055 principio
1002 1960 1336 2055 capituli,
1388 1959 1598 2033 aliter
1650 1958 1845 2034 enim
1907 1958 2103 2032 lucet
2170 1958 2279 2033 sol
2344 1959 2418 2032 in
2480 1979 2677 2054 aere,
2731 1960 2944 2036 aliter

598 2079 674 2153 in
709 2079 930 2173 nube,
972 2079 1184 2154 aliter
1226 2079 1301 2152 in
1334 2080 1511 2155 luto.
1548 2079 1717 2154 Ideo
1751 2077 2041 2152 subdit:
2084 2081 2266 2152 ende
2294 2081 2360 2150 si
2392 2099 2763 2173 muovovw,
2806 2080 2944 2155 illae

594 2206 906 2293 naturae,
963 2199 1136 2294 quia
1191 2206 1458 2274 natura
1509 2205 1621 2274 est
1661 2197 2096 2294 principium
2138 2205 2383 2272 motus
2425 2198 2830 2274 secundum
2868 2220 2948 2275 se

593 2338 743 2392 non
792 2340 926 2414 per
967 2319 1327 2413 accidens,
1364 2318 1711 2413 quoniam
1748 2338 1971 2394 omne
2006 2338 2273 2413 corpus
2309 2318 2533 2394 habet
2565 2319 2940 2415 proprium

593 2444 907 2532 motum,
948 2446 1028 2512 ut
1068 2439 1251 2535 ignis
1301 2460 1627 2534 sursum,
1680 2446 1879 2513 terra
1928 2439 2306 2531 deorsum,
2341 2459 2390 2511 a
2424 2442 2688 2514 diversi
2709 2442 2938 2534 porti,

596 2556 770 2651 quia
823 2558 1129 2652 veniunt
1176 2559 1269 2634 ad
1319 2566 1589 2654 ortum,
1636 2581 1770 2653 per
1811 2562 1881 2633 lo
1912 2580 2103 2651 qran
2137 2579 2299 2632 mar
2330 2562 2488 2633 dell'
2514 2581 2764 2654 essere,
2805 2581 2938 2656 per

598 2679 1175 2777 magnitudinem
1231 2689 1305 2755 et
1353 2680 1921 2777 profunditatem
1960 2680 2292 2755 essentiae
2326 2686 2612 2755 naturae
2657 2700 2937 2775 rerum,

593 2821 632 2872 e
680 2803 1036 2895 ciaseuna,
1094 2801 1372 2896 supple,
1424 2806 1693 2875 natura
1730 2806 2098 2894 movetur,
2137 2821 2271 2874 con
2311 2803 2542 2873 iscinto
2576 2803 2744 2874 alei
2774 2803 2945 2874 dato

589 2922 709 2993 che
757 2923 848 2994 la-
872 2924 1097 3013 porti,
1163 2920 1368 3015 idest,
1434 2919 1699 3016 dirigat
1756 2919 1831 2993 in
1898 2919 2120 2994 finem
2184 2940 2429 2993 suum.
2501 2919 2700 2995 Unde
2768 2928 2941 2994 nota

592 3040 790 3133 quod
843 3060 988 3113 non
1040 3047 1150 3115 est
1199 3040 1446 3134 aliqua
1507 3045 1772 3115 natura
1836 3059 2007 3134 quae
2076 3060 2224 3114 non
2295 3039 2562 3115 habeat
2626 3040 2944 3113 formam

593 3159 1054 3234 essentialem
1091 3159 1656 3234 constituentem
1709 3159 1843 3234 sibi
1895 3180 2092 3255 esse3
2129 3167 2203 3235 et
2238 3163 2393 3236 haec
2439 3162 2678 3236 forma
2719 3161 2948 3236 habet

591 3278 914 3372 aliquam
968 3278 1427 3354 essentialem
1478 3280 2008 3375 operationem,
2074 3287 2150 3356 et
2212 3283 2371 3356 haec
2430 3281 2757 3376 operatio
2827 3301 2946 3356 es-
3046 3372 3055 3382 ,

594 3398 912 3473 sentialis
965 3398 1216 3473 finitur
1265 3400 1359 3474 ad
1409 3400 1730 3494 aliquid3
1785 3406 1860 3474 et
1910 3399 2075 3475 ideo
2127 3401 2455 3495 operatio
2519 3402 2678 3475 haec
2742 3400 2943 3476 finita

591 3518 684 3592 ad
733 3517 806 3593 id
854 3518 947 3592 ad
998 3519 1197 3614 quod
1247 3526 1357 3594 est
1408 3519 1912 3614 essentialiter,
1948 3528 2060 3594 est
2092 3520 2369 3595 bonum
2408 3520 2599 3596 illius
2634 3527 2940 3596 naturae.

591 3680 692 3694 —
725 3641 974 3742 Questi.
1028 3639 1157 3713 Hic
1207 3645 1422 3734 poeta
1471 3640 1735 3735 probat
1785 3646 1860 3716 et
1910 3640 2234 3716 declarat
2282 3642 2561 3716 dictum
2606 3641 2937 3717 ordinem

590 3759 1131 3856 particulariter
1181 3759 1255 3833 in
1306 3760 1746 3854 quibusdam
1800 3761 2024 3836 rebus
2060 3762 2551 3856 naturalibus;
2590 3767 2665 3836 et
2703 3768 2813 3837 est
2853 3762 2940 3835 li-

589 3889 751 3957 tera
802 3881 1024 3975 clara,
1079 3880 1274 3956 unde
1323 3880 1538 3955 dicit:
1600 3884 1854 3975 Quesci,
1913 3881 2184 3956 scilicet
2232 3882 2438 3976 ordo,
2487 3904 2577 3956 ne
2626 3889 2845 3975 porta
2890 3885 2945 3956 il

585 4003 793 4094 ficoeo
840 3997 1043 4074 iuver
1092 4003 1165 4074 la
1215 4003 1411 4094 luna,
1469 4000 1642 4093 quia
1696 4001 1882 4097 ignis
1946 4001 2295 4076 velociter
2344 4009 2419 4076 et
2480 4002 2941 4078 uniformiter

591 4118 923 4194 imitatur
958 4127 1246 4195 motum
1288 4121 1481 4215 coeli,
1514 4141 1647 4195 aer
1679 4129 1931 4197 autem
1971 4121 2301 4195 imitatur
2333 4121 2601 4218 ipsum,
2637 4123 2765 4198 sed
2794 4143 2941 4198 non

591 4238 1099 4335 uniformiter3
1137 4261 1333 4334 aqua
1359 4231 1434 4333 (²)
1475 4260 1622 4314 non
1659 4240 2123 4315 uniformiter
2150 4261 2289 4316 nec
2314 4242 2708 4338 complete3
2740 4249 2940 4318 terra

590 4378 1003 4452 numquam
1042 4366 1377 4435 mutatur
1397 4350 1498 4455 (³),
1534 4360 1661 4434 sed
1689 4369 2056 4458 perpetuo
2089 4361 2163 4435 in
2196 4383 2335 4438 suo
2384 4364 2547 4439 loco
2597 4363 2939 4459 quiescit3

714 4613 770 4678 (¹)
802 4615 863 4666 E.
897 4614 952 4666 in
983 4616 1120 4668 libro
1153 4616 1502 4669 Enchiridion.
1664 4616 1719 4680 (¹)
1754 4619 1816 4671 E.
1847 4633 1980 4685 aqua
2014 4634 2140 4672 vero
2171 4634 2294 4672 non.
2452 4618 2508 4682 (⁸)
2538 4620 2602 4670 Ε.
2634 4620 2886 4673 imitatur.
