3734 5567
1319 517 1595 575 umus
1647 520 1974 574 Tannus
2678 509 2814 577 371

474 685 556 738 so
594 666 713 737 che
746 665 1010 753 divino,
1044 661 1248 756 idest,
1285 662 1556 757 aliquid
1595 683 1947 759 magnum
1985 662 2369 756 ineffabile,
2406 668 2524 737 che
2565 668 2635 739 vi
2667 672 2823 740 tra-

478 793 671 862 muta
719 787 836 858 (ια’
859 786 1083 876 primi
1129 788 1438 874 concedi,
1489 784 1694 878 idest,
1749 790 2084 858 removet
2133 805 2267 858 vos
2316 807 2360 860 a
2414 786 2651 880 prima
2695 808 2825 862 co-

477 905 802 1001 gnitione
852 903 1262 998 hominum,
1311 906 1660 996 asplende
1717 907 1834 977 nei
1896 904 2201 977 mirabili
2263 910 2507 997 aspeui
2575 910 2821 1000 vostri,

480 1025 607 1119 qui
659 1030 829 1098 sunt
879 1023 1041 1119 plus
1092 1045 1320 1117 quam
1372 1023 1710 1117 humani3
1755 1016 1934 1117 perd
1976 1045 2121 1097 non
2166 1028 2273 1118 fui
2314 1027 2567 1118 festino
2618 1049 2667 1099 a
2714 1032 2824 1102 ri-

479 1144 862 1233 membrar,
913 1142 1117 1237 idest,
1154 1144 1368 1217 velox
1419 1142 1513 1216 ad
1567 1142 2119 1238 refigurandum
2166 1151 2261 1237 te,
2298 1167 2415 1218 ma
2458 1139 2564 1219 cic)
2599 1150 2718 1220 clue
2752 1155 2825 1222 tu

481 1266 577 1344 mi
622 1266 785 1354 dici,
818 1263 913 1337 de
962 1270 1059 1355 te,
1095 1262 1388 1356 scilicet,
1443 1263 1642 1356 quod
1695 1262 1885 1337 fuisti
1939 1263 2013 1337 in
2067 1265 2342 1340 mundo
2396 1267 2602 1361 virgo
2656 1288 2820 1341 mo-

481 1381 686 1460 nialis
736 1383 1014 1477 pulcra,
1068 1381 1351 1478 pudica,
1405 1402 1494 1454 or
1543 1384 1880 1476 waima,
1936 1382 2142 1477 idest,
2193 1384 2491 1459 adiuvat
2558 1407 2678 1461 me
2728 1387 2822 1462 ad

481 1502 1154 1598 recognoscendum
1210 1507 1304 1595 te,
1354 1493 1415 1574 si
1462 1503 1582 1574 che
1630 1503 1721 1573 m’
1749 1497 1791 1576 e*
1829 1498 1953 1594 pia)
2003 1505 2245 1595 latim,
2282 1503 2486 1598 idest,
2523 1505 2822 1600 facilius,

478 1627 896 1714 raffiyurar,
948 1621 1240 1715 scilicet,
1297 1627 1389 1695 te.

628 1746 754 1815 Ma
787 1744 1044 1816 dimmi.
1073 1743 1216 1815 Ista
1251 1746 1359 1815 est
1395 1740 1607 1816 tertia
1642 1760 1812 1834 pars
1844 1741 2231 1838 generaliS,
2266 1742 2340 1815 in
2376 1764 2521 1836 qua
2556 1744 2825 1820 Dantes

482 1860 773 1936 discutit
822 1881 1046 1937 unam
1101 1860 1606 1955 quaestionem,
1661 1879 1829 1953 quae
1883 1860 2119 1933 oritur
2178 1881 2270 1935 ex
2326 1863 2565 1937 verbis
2616 1864 2826 1939 dictae

483 1982 879 2075 Pichardae‚
906 1980 1197 2074 scilicet,
1229 1986 1480 2054 utrum
1509 1980 1925 2055 desiderent
1949 1979 2282 2055 altiorem
2313 1982 2582 2076 locum,
2620 1984 2824 2079 idest,

485 2100 842 2175 maiorem
911 2100 1227 2199 gradum
1288 2099 1772 2174 beatitudinis,
1843 2100 2031 2174 Petit
2094 2119 2315 2197 ergo:
2368 2106 2494 2175 Ma
2559 2106 2822 2194 cummi,

484 2220 686 2314 idest,
739 2221 867 2295 sed
917 2220 1031 2294 dic
1084 2219 1259 2293 mihi
1311 2240 1529 2316 rogo:
1585 2223 1719 2313 voi,
1771 2221 1890 2292 che
1936 2222 2098 2292 siece
2146 2223 2265 2312 qui
2305 2224 2513 2315 felici,
2566 2222 2638 2295 in
2691 2223 2827 2297 ista

482 2340 734 2415 infima
787 2349 994 2434 parte
1026 2341 1245 2432 lunoe‚
1282 2342 1669 2413 desiderate
1702 2342 1817 2412 voi
1844 2333 1967 2431 piel
2007 2341 2151 2411 alto
2185 2341 2364 2430 loco,
2399 2340 2587 2415 sicut
2610 2342 2827 2437 juxta

486 2468 813 2536 sanctam
865 2461 1179 2552 Claram,
1233 2479 1401 2552 quae
1443 2458 1646 2533 sedet
1679 2458 1896 2532 altius
1934 2458 2007 2531 in
2041 2458 2178 2532 isto
2215 2459 2474 2533 eodem
2517 2480 2830 2555 corpore

487 2581 704 2673 lunae,
758 2585 839 2652 ut
889 2579 1151 2653 dicitur
1201 2579 1419 2673 paulo
1472 2583 1653 2673 post,
1699 2597 1833 2669 per
1888 2574 2012 2670 pil)
2076 2580 2347 2670 vedere,
2404 2579 2607 2673 idest,
2661 2600 2832 2674 pro-

488 2698 780 2773 sundius
829 2698 922 2773 de
972 2696 1366 2790 divinitate,
1419 2696 1494 2770 in
1544 2717 1692 2791 qua
1743 2703 1853 2772 est
1903 2703 2056 2772 tota
2106 2695 2426 2790 felicitaS‚
2466 2719 2503 2769 e
2543 2720 2678 2790 per
2704 2695 2832 2791 piat

483 2821 682 2912 sarvi
729 2820 998 2892 amici?
1047 2816 1220 2910 quia
1271 2816 1656 2891 amiciores
1712 2816 1865 2911 regi
1920 2823 2092 2889 sunt
2141 2815 2524 2890 viciniores
2558 2817 2713 2910 sibi,
2750 2824 2828 2891 et

489 2939 649 3033 plus
724 2937 963 3013 sciunt
1035 2943 1317 3012 secreta
1369 2956 1526 3010 sua.
1593 2937 1678 3009 Et
1736 2942 2043 3031 apparat
2106 2935 2330 3030 ipsam
2399 2935 2826 3009 Pichardam

487 3057 581 3131 ad
632 3057 1217 3153 respondendum
1252 3049 1326 3148 (¹)
1362 3077 1535 3131 cum
1573 3055 1839 3150 laetitia,
1877 3056 2152 3131 dicens:
2191 3061 2265 3130 et
2300 3055 2418 3129 illa
2452 3055 2830 3152 Picharda,

488 3179 754 3250 sorrise
778 3181 949 3269 pria
997 3199 1094 3252 tm
1137 3197 1344 3269 poco,
1379 3176 1473 3251 de
1507 3175 1963 3271 simplicitate
1997 3176 2415 3271 quaerentis,
2451 3197 2582 3249 con
2616 3181 2833 3269 quelle

492 3299 671 3370 altre
703 3298 967 3390 ombre,
1009 3297 1182 3390 quia
1219 3318 1365 3371 non
1398 3296 1637 3370 solum
1681 3296 2120 3391 Constantia,
2157 3296 2282 3371 sed
2323 3296 2542 3372 etiam
2583 3297 2833 3372 multae

491 3415 652 3490 aliae
707 3417 1024 3513 virgines
1075 3424 1288 3492 erant
1336 3417 1434 3490 ibi
1485 3417 1559 3491 in
1612 3417 1766 3512 pari
1803 3417 2083 3511 gradu3
2117 3419 2215 3489 da
2252 3420 2406 3490 indi
2439 3419 2535 3489 mi
2564 3421 2834 3509 rispose

494 3542 686 3610 tanto
737 3539 921 3627 tiela,
972 3557 1120 3610 non
1170 3535 1356 3611 sicut
1407 3536 1783 3610 mundana
1836 3536 2126 3629 mulier,
2180 3555 2349 3630 quae
2401 3537 2835 3611 naturaliter

495 3655 765 3730 invidet
812 3655 1276 3749 pulcritudini
1327 3656 1653 3748 alteriuS‚
1705 3660 1777 3729 et
1829 3655 2129 3730 alterius
2188 3662 2622 3730 ornamenta
2678 3677 2839 3731 me-

494 3776 675 3850 liora
699 3767 774 3867 (2)
802 3782 875 3849 et
899 3776 1185 3850 cariora
1208 3776 1503 3871 appetit,
1544 3778 1647 3849 αι’
1662 3778 1884 3849 arder
1912 3796 2142 3867 parea
2174 3778 2490 3869 d'amor‚
2540 3777 2834 3871 scilicet,

493 3894 812 3970 caritatis
876 3894 1238 3990 perfectae,
1305 3899 1423 3969 nel
1478 3899 1715 3988 primo
1767 3898 1961 3989 foco,
2030 3895 2321 3989 scilicet,
2386 3896 2579 3989 Deo;
2643 3895 2838 3970 unde

493 4014 661 4088 alibi
714 4014 785 4087 in
839 4015 974 4090 isto
1025 4014 1212 4089 libro
1264 4014 1534 4111 figurat
1565 4014 1803 4089 Deum
1848 4013 1922 4086 in
1964 4013 2239 4087 circulo
2283 4013 2532 4108 igne03
2572 4014 2687 4089 vel
2727 4014 2839 4088 di-

497 4140 729 4227 catur,
763 4137 880 4207 nel
907 4137 1144 4227 primo
1171 4138 1362 4229 foco,
1398 4133 1603 4228 idest,
1641 4133 1713 4207 in
1749 4153 2060 4229 corpore
2112 4134 2331 4230 lunae,
2374 4156 2546 4209 nam
2589 4136 2838 4209 omnia

497 4271 803 4345 corpora
855 4254 1178 4329 coelestia
1229 4255 1688 4349 appellantur
1740 4254 1976 4350 ignea.
2030 4254 2235 4330 Unde
2277 4257 2657 4352 Virgilius:
2709 4262 2843 4331 Vos

496 4374 741 4444 aetemi
784 4374 1015 4462 ique-3.-
1054 4382 1131 4448 et
1161 4375 1569 4449 Heraclitus
1612 4374 1901 4449 dicebat
1945 4375 2144 4468 quod
2183 4396 2442 4451 omnes
2474 4377 2584 4451 Dii
2627 4385 2840 4453 erant

620 4626 675 4686 (¹)
707 4625 769 4676 B·
803 4629 1204 4690 responsionem.
1702 4630 1760 4696 (⁸)
1790 4636 1837 4693 4,
1869 4633 2128 4684 mundana
2159 4638 2213 4685 et
2245 4636 2463 4686 cariora.
