3734 5567
1128 508 1405 563 CANTUS
1455 492 1836 562 wensinus
1887 508 2220 574 QUINTUS·
2691 498 2828 563 117

491 659 577 731 Et
626 655 742 730 hic
792 661 965 729 nota
1017 653 1214 747 quod
1267 651 1817 731 matrimonium
1869 673 2017 727 non
2069 654 2307 727 solum
2370 659 2478 728 est
2534 654 2829 728 ordina-

492 784 651 850 tum
704 775 777 849 in
829 773 1061 849 veteri
1113 779 1187 849 et
1250 793 1443 847 novo
1505 777 1944 847 testamento
2004 780 2076 848 et
2139 795 2271 869 per
2334 775 2535 870 leges
2583 774 2831 879 civiles

493 904 568 972 et
598 895 1007 988 canonicaS‚
1045 893 1171 969 sed
1206 892 1428 968 etiam·
1464 893 1660 989 apud
1693 893 2000 990 gentiles
2033 894 2222 969 bene
2260 895 2604 990 viventes,
2643 895 2831 970 sicut

492 1017 664 1093 olim
698 1015 896 1111 apud
927 1034 1210 1111 graecos
1259 1021 1334 1088 et
1382 1034 1763 1088 romanos:
1802 1014 1954 1088 imo
2001 1020 2075 1088 et
2125 1013 2543 1090 Aristoteles
2577 1014 2651 1089 in
2686 1016 2830 1089 Po-

493 1135 702 1211 liticis
749 1135 1009 1230 probat
1039 1127 1113 1225 (¹)
1165 1133 1361 1228 quod
1396 1134 1826 1208 naturaliter
1861 1136 2084 1208 homo
2119 1142 2229 1209 est
2267 1135 2541 1209 animal
2573 1136 2831 1215 coniu-

492 1257 659 1353 gale
709 1260 1095 1328 contentus
1146 1275 1314 1328 una.
1368 1254 1452 1326 Et
1505 1254 1871 1329 concludit
1928 1264 2143 1350 poeta
2202 1255 2449 1330 dicens
2500 1263 2574 1330 et
2622 1256 2830 1330 clau·
2888 1318 2892 1322 Α

493 1375 671 1449 dens
722 1373 1165 1469 capitulum:
1218 1394 1255 1446 e
1305 1380 1538 1466 questo
1589 1377 1824 1465 mod0,
1875 1375 2261 1468 clamandi,
2299 1378 2509 1448 credo
2559 1378 2678 1449 che
2724 1379 2836 1449 lor

494 1498 695 1586 hasti,
746 1493 1017 1567 scilicet
1071 1492 1523 1587 mulieribu3‚
1582 1516 1715 1586 per
1778 1501 1944 1568 tulto
1977 1498 2028 1569 ’l
2075 1502 2298 1587 tempo
2355 1498 2477 1569 che
2514 1499 2569 1569 ’l
2620 1501 2829 1591 suoco

493 1620 592 1709 912·
622 1615 985 1705 abbr-noia,
1012 1613 1104 1688 ad
1130 1613 1681 1710 purgationem:
1711 1621 1786 1689 et
1810 1634 1985 1690 ecce
2012 1635 2337 1710 causam,
2366 1637 2496 1689 con
2532 1619 2634 1689 tal
2656 1638 2832 1690 cura

497 1740 782 1815 convien
821 1757 859 1808 e
907 1755 1040 1813 con
1091 1737 1192 1809 cai
1228 1737 1460 1828 pasti;
1513 1735 1722 1828 quasi
1772 1734 1996 1810 dicat:
2040 1734 2200 1809 talis
2253 1736 2609 1811 medicina
2653 1757 2833 1811 con-

495 1856 695 1932 venit
744 1875 919 1929 cum
970 1854 1236 1928 talibus
1287 1853 1582 1949 morbi3‚
1636 1854 1928 1949 scilicet,
1968 1862 2050 1928 ut
2091 1855 2273 1951 ignis
2324 1863 2836 1952 compescatur

498 1976 689 2073 igne,
738 1978 857 2049 che
887 1977 951 2047 si
998 1976 1261 2047 ricuoia
1295 1977 1365 2047 la
1402 1978 1625 2068 piaya
1667 1978 1763 2048 da
1795 1996 2006 2048 sezzo
2024 2001 2056 2070 ;
2091 1977 2230 2050 hoc
2270 1984 2380 2051 est
2429 1976 2677 2052 dicere
2718 1978 2835 2051 ul-

500 2096 762 2170 timum
817 2100 1221 2190 peccatum,
1264 2093 1534 2169 scilicet
1582 2101 1964 2190 peccatum
2012 2096 2344 2169 luxuriae.
2383 2097 2471 2170 Et
2509 2104 2620 2171 est
2662 2119 2839 2173 con-

500 2214 798 2290 veniens
875 2215 1341 2309 metaphora:
1419 2212 1608 2288 sicut
1684 2213 1899 2288 enim·
1950 2215 2274 2290 medicus
2337 2217 2482 2291 suit
2544 2217 2831 2315 plagam

503 2355 871 2431 magnam,
924 2340 999 2410 et
1047 2333 1438 2428 aliquando
1490 2334 1636 2407 urit
1687 2333 1883 2408 illam
1936 2334 2105 2431 igne
2157 2357 2250 2410 ne
2298 2344 2690 2433 putrescat,
2734 2340 2834 2413 ita

499 2461 819 2529 aeternus
850 2454 1173 2529 medicus
1200 2460 1580 2550 peccatum
1618 2454 1934 2528 luxuriae
1969 2455 2083 2529 hic
2120 2466 2389 2553 purgat
2420 2477 2553 2552 per
2588 2458 2832 2554 ignem

505 2595 600 2648 ne
648 2574 881 2669 pariat
930 2573 1230 2648 saniem.

624 2826 678 2889 (¹)
711 2826 772 2876 B.
806 2827 948 2889 ponit
978 2831 1033 2877 et
1063 2826 1263 2890 probat,
1295 2826 1492 2877 scilicet
1522 2825 1678 2889 quod.
