3734 5567
843 453 984 521 366
1625 461 2035 517 coMENTUM
2084 462 2417 516 PARAmsl

841 616 958 682 tor
1008 606 1341 699 ostendit,
1397 605 1570 699 quid
1622 604 1878 681 fecerit
1926 605 2019 680 ad
2070 605 2472 680 tollendum
2538 626 2873 680 errorem
2942 627 3189 701 suum,

840 730 1027 823 quia,
1065 726 1466 802 retroflexit
1515 747 1596 801 se
1644 748 1688 800 a
1741 733 1953 822 tergo
2005 733 2270 822 putans
2316 725 2568 801 videre
2602 727 2966 820 homineS,
3002 749 3192 821 quo-

840 870 1008 922 rum
1065 848 1420 943 imagines
1471 853 1912 942 apparerent
1944 839 2017 938 (¹)
2071 847 2145 919 in
2196 866 2507 941 corpore
2557 846 2790 940 lunae3
2844 847 2971 921 sed
3018 848 3191 922 nihil

840 970 1089 1044 videns
1141 968 1459 1042 recurrit
1509 967 1602 1041 ad
1652 967 2063 1042 Beatricem
2117 988 2250 1062 pro
2303 987 2684 1041 succursu.
2744 968 2945 1042 Unde
2984 968 3187 1042 dicit:

838 1091 1072 1163 Subito
1123 1091 1298 1161 torsi
1354 1090 1456 1178 qli
1510 1090 1726 1179 occhi,
1779 1087 1984 1182 idest,
2040 1088 2427 1162 retroverti
2482 1086 2748 1180 visum,
2798 1110 2932 1179 per
2984 1092 3191 1162 veder

843 1213 919 1283 di
965 1213 1076 1282 cui
1120 1212 1375 1302 fosser,
1426 1207 1720 1302 scilicet,
1770 1208 1911 1281 illae
1963 1207 2204 1302 facies,
2258 1200 2317 1280 si
2366 1211 2540 1281 com’
2566 1211 2637 1280 io
2689 1211 2777 1281 m’
2804 1213 3079 1282 accersi
3115 1212 3194 1283 di

844 1332 982 1419 lor,
1036 1327 1237 1421 idest,
1292 1348 1515 1422 quam
1570 1327 1713 1401 cito
1765 1326 2112 1423 perpendi
2165 1326 2257 1401 de
2292 1326 2427 1401 illis
2467 1328 2771 1422 umbriS,
2813 1331 3188 1421 stimando,

846 1449 1048 1542 idest,
1113 1449 1544 1544 imaginanS‚
1596 1450 1838 1539 quelle,
1916 1447 2206 1542 scilicet,
2284 1448 2505 1522 facies
2580 1467 2762 1542 esse,
2828 1453 3193 1540 specchiali

845 1570 1226 1662 sembianti,
1265 1568 1469 1661 idest,
1498 1569 1852 1664 imagines
1891 1588 2144 1642 rerum
2185 1572 2877 1663 repraesentatarum
2914 1568 2987 1641 in
3023 1590 3188 1643 cor-

843 1709 1022 1784 pore
1072 1689 1265 1762 lunae
1318 1695 1695 1782 tamquam
1749 1687 1823 1760 in
1875 1685 2195 1781 speculo,
2230 1710 2266 1760 e
2316 1689 2460 1760 vidi
2507 1689 2729 1776 nulla,
2770 1686 2975 1783 idest,
3016 1689 3188 1763 nihil

841 1808 935 1883 de
985 1829 1076 1882 eo
1127 1807 1324 1901 quod
1374 1807 1790 1900 credebam,
1836 1829 1874 1879 e
1919 1810 2213 1880 ritorsili
2252 1810 2520 1898 avanti,
2557 1806 2762 1901 idest,
2801 1808 3062 1882 reduxi
3099 1809 3190 1883 ad

842 1934 1114 2002 statum
1169 1927 1491 2022 primum
1546 1947 1805 2001 versus
1867 1926 2301 2020 Beatricem,
2353 1929 2549 1999 ἀνῖαι·
2610 1928 2727 1998 nel
2780 1929 2959 1999 lume
3007 1930 3191 2000 della

841 2051 1035 2123 dolce
1082 2049 1327 2138 quida,
1381 2046 1583 2139 idest,
1627 2045 2037 2120 Beatricem
2081 2046 2521 2120 luminosam
2559 2045 2871 2119 dulciter
2912 2046 3190 2122 ducen-

845 2175 993 2242 tem
1051 2186 1172 2239 me
1222 2186 1354 2261 per
1404 2166 1677 2239 coelum
1725 2165 1912 2239 sicut
1951 2166 2080 2260 sol,
2125 2173 2207 2239 ut
2241 2165 2519 2240 dictum
2555 2172 2664 2240 est
2714 2166 2787 2238 in
2838 2167 3188 2261 principio

844 2284 1159 2379 capituli,
1213 2287 1332 2358 che
1381 2288 1632 2378 ardea,
1673 2285 1945 2360 scilicet
1986 2306 2265 2380 amore,
2300 2289 2487 2378 myli
2517 2289 2709 2359 ocelli
2737 2292 2945 2377 santi,
2981 2286 3184 2381 idest,

844 2405 919 2478 in
970 2409 1216 2478 sancta
1267 2405 1903 2500 contemplatione,
1954 2408 2405 2497 sorridendO,
2458 2406 2751 2501 scilicet,
2793 2406 2885 2480 de
2931 2427 3191 2482 errore

846 2524 1316 2618 simplicitatis
1384 2546 1607 2617 meae3
1659 2525 1926 2599 direxit
1988 2532 2241 2600 autem
2307 2527 2559 2600 oculos
2618 2526 2692 2598 in
2756 2527 3188 2622 Beatricem,

846 2665 1017 2718 cum
1072 2666 1339 2741 magna
1391 2644 1900 2739 admiratione,
1937 2644 2146 2740 quasi
2197 2644 2443 2720 dicens
2484 2646 2738 2720 tacite:
2775 2647 2905 2720 ah!
2940 2653 3192 2721 sancte

841 2764 1060 2858 DeuS,
1113 2763 1288 2858 quid
1339 2771 1449 2839 est
1511 2766 1650 2839 hoc
1676 2768 1708 2836 ‘1
1733 2804 1832 2818 —
1858 2768 2039 2837 Non.
2106 2764 2236 2839 Hic
2297 2764 2566 2839 Dantes
2625 2765 2938 2839 ostendit
3002 2786 3189 2859 quo-

841 2882 1059 2957 modo
1095 2883 1388 2958 Beatrix
1433 2885 1831 2958 removerit
1873 2903 2208 2957 errorem
2253 2906 2497 2979 suum,
2542 2890 2616 2959 et
2650 2885 2913 2960 direxit
2948 2886 3021 2958 in
3061 2906 3188 2959 co-

839 3003 1242 3100 gnitionem
1293 3023 1493 3077 verae
1547 3004 1692 3097 rei;
1750 3003 1945 3077 unde
1995 3003 2202 3077 dicit:
2241 3010 2316 3078 et
2365 3003 2484 3078 illa
2525 3005 2845 3099 Beatrix,
2879 3007 2975 3078 mi
3007 3007 3190 3078 disse

842 3143 1204 3214 appresso,
1256 3123 1458 3217 idest,
1511 3123 1884 3217 continuo,
1921 3144 2079 3222 non¹
2100 3127 2151 3196 a·
2184 3126 2644 3215 meraviyliar
2673 3127 2988 3216 perch’io
3026 3146 3191 3198 sor-

840 3243 1035 3332 rida,
1086 3240 1294 3335 idest,
1346 3241 1717 3336 irrideam,
1767 3245 1822 3315 il
1869 3249 1985 3315 tuo
2024 3245 2264 3335 pueri!
2308 3250 2487 3335 coto,
2538 3243 2741 3337 idest,
2786 3250 3003 3318 tuam
3059 3266 3191 3319 va-

845 3380 1015 3434 nam
1068 3360 1585 3458 cogitationem
1635 3361 1729 3435 ad
1782 3360 2087 3436 modum
2141 3363 2378 3456 pueri,
2412 3365 2533 3435 che
2580 3384 2726 3435 non
2768 3364 2948 3455 fida,
2985 3363 3187 3458 idest,

843 3500 1011 3573 quae
1045 3480 1388 3576 cogitatio
1426 3501 1574 3554 non
1609 3480 1919 3555 fidenter
1953 3481 2175 3575 ponit,
2211 3484 2268 3554 il
2290 3485 2426 3574 pe’,
2463 3482 2666 3576 idest,
2702 3482 3188 3578 affectionem,

842 3620 1063 3693 sopra
1094 3603 1146 3673 ’l
1191 3622 1384 3694 vem,
1449 3600 1653 3696 idest,
1707 3622 1869 3676 rem
1931 3622 2215 3695 veram,
2267 3623 2384 3674 ma
2448 3609 2510 3676 te
2566 3605 2844 3689 ηὐοῖυί,
2898 3603 3187 3698 scilicet,

846 3727 1068 3815 retro,
1122 3721 1171 3793 ὰ
1223 3717 1407 3812 vom,
1442 3720 1643 3815 idest,
1680 3720 1975 3815 frustra,
2029 3721 2103 3794 in
2154 3743 2455 3817 vanum,
2485 3744 2676 3796 come
2722 3725 2929 3814 suoli,
2980 3723 3184 3817 idest,

844 3840 1033 3916 sicut
1083 3842 1273 3916 soles
1320 3839 1499 3914 alias
1551 3847 1625 3914 te
1674 3847 1968 3915 vertere
2018 3840 2093 3913 in
2145 3848 2367 3916 terra.
2416 3843 2501 3916 Et
2553 3862 2726 3917 ecce
2766 3842 3181 3916 veritatem:

843 3952 951 4033 οἱὸ
1000 3962 1118 4032 che
1168 3968 1239 4034 lu
1290 3963 1444 4033 vedi
1488 3981 1621 4035 son
1672 3981 1832 4033 vere
1881 3965 2258 4053 sustanzie,
2311 3962 2513 4056 idest,
2549 3962 2815 4036 animae
2868 3961 3187 4036 rationa-

841 4079 968 4173 les,
1023 4100 1169 4154 non
1219 4079 1495 4153 idolum
1549 4079 1886 4173 Narcissi,
1921 4083 2043 4171 qui
2076 4084 2406 4174 releyate,
2445 4082 2650 4177 idest,
2692 4081 3075 4157 confinatae
3114 4082 3190 4155 in

844 4196 979 4270 ista
1032 4198 1279 4271 infima
1329 4205 1542 4292 parte
1592 4197 1808 4292 lunae,
1840 4220 1973 4290 per
2022 4220 2274 4274 manco
2310 4204 2385 4275 di
2423 4209 2608 4295 voto,
2650 4201 2853 4293 idest,
2893 4208 3191 4298 propter

842 4313 1210 4389 desectum
1265 4317 1437 4411 voti,
1473 4318 1671 4411 quod
1706 4318 2027 4412 perfecte
2064 4340 2210 4393 non
2244 4321 2832 4417 adimpleverunt
2852 4313 2953 4416 (¹),
3004 4322 3192 4396 sicut

969 4575 1024 4641 (¹)
1058 4582 1105 4639 4»
1139 4580 1404 4640 ammt-
1775 4575 1831 4641 (⁸)
1864 4582 1912 4640 ⁴,
1945 4579 2312 4644 adlmplerunt.
