3734 5567
1358 506 1635 561 CANTUS
1684 507 1972 561 ramus,
2693 498 2841 563 299

488 654 629 729 loci
680 674 776 726 an
830 650 1172 725 maiestas
1203 642 1275 741 (¹)
1344 649 1475 724 Dei
1534 651 1698 745 plus
1765 651 2032 726 habeat
2097 652 2619 727 admirationis,
2693 654 2843 726 Me-

491 773 695 848 dium
747 779 1001 847 autem
1054 790 1316 844 saxum
1372 776 1718 845 cavatum
1770 776 1881 846 est
1929 771 2002 844 in
2047 772 2285 846 forma
2339 773 2606 848 theatri
2650 773 2838 846 intra

493 892 691 988 quod
742 892 1024 966 clamor
1075 889 1459 963 hominum
1514 895 1590 963 et
1638 909 1864 962 sonus
1915 891 2263 964 tubarum
2327 912 2525 966 cum*
2573 912 2840 988 magno

496 1013 808 1087 roboatu
839 1002 913 1103 (²)
965 1009 1061 1084 ihi
1114 1009 1194 1082 fit
1244 1008 1804 1104 personantibus
1856 1011 2076 1105 saxiS,
2113 1011 2312 1106 quod
2351 1018 2730 1107 stuporem
2768 1017 2843 1085 et

496 1141 858 1208 terrorem
911 1131 1083 1205 facit
1133 1130 1425 1227 ignaris.
1465 1131 1650 1204 Nam
1703 1135 1778 1205 et
1828 1131 2038 1225 quasi
2075 1131 2147 1205 in
2191 1132 2432 1207 media
2465 1132 2843 1205 altitudine

497 1253 731 1328 cavati
785 1251 1052 1325 montis
1103 1256 1214 1325 est
1279 1271 1507 1346 parva
1567 1250 1922 1345 planitieS,
1975 1257 2049 1325 et
2113 1252 2187 1324 in
2239 1272 2325 1326 ea
2393 1252 2842 1347 profundum

497 1379 715 1448 terrae
765 1373 1123 1465 foramen,
1175 1391 1309 1467 per
1360 1370 1559 1465 quod
1610 1370 1761 1444 exit
1809 1377 2075 1446 ventus
2108 1371 2466 1468 inspirans
2500 1373 2842 1468 virgineS,

495 1492 587 1567 de
637 1513 787 1587 quo
837 1492 1178 1566 Lucanus
1206 1481 1328 1583 (³):
1383 1497 1754 1583 ventosque
1804 1493 2149 1582 loquaces.
2202 1492 2413 1566 Modo
2447 1492 2540 1566 ad
2575 1512 2844 1586 propo-

495 1614 714 1688 situm
768 1613 937 1687 dicit
987 1618 1224 1707 poeta,
1262 1611 1459 1707 quod
1498 1633 1734 1685 unum
1764 1612 2036 1707 jugum
2073 1613 2372 1686 Parnasi
2408 1613 2838 1707 deputatum

496 1735 781 1808 Baccho
849 1732 1135 1806 suffecit
1201 1731 1334 1805 sihi
1387 1733 1822 1825 hucusque3
1891 1752 2087 1805 nunc
2153 1752 2334 1806 vero
2391 1738 2467 1806 et
2525 1731 2705 1804 illud
2770 1738 2844 1806 et

498 1853 694 1927 aliud
723 1857 1234 1927 consecratum
1272 1849 1578 1945 Apollini
1612 1856 1723 1924 est
1757 1850 1892 1923 sibi
1929 1850 2465 1925 necessarium:
2501 1871 2636 1946 per
2662 1851 2844 1924 Bac-

501 1974 724 2048 chum
777 1977 1025 2046 autem
1071 1970 1437 2067 figuratur
1470 1969 1770 2044 scientia
1805 1970 2182 2064 naturalis,
2219 1991 2387 2064 quae
2423 1971 2677 2045 haberi
2715 1991 2844 2066 po-

503 2099 644 2168 test
677 2112 808 2187 per
841 2091 1395 2185 acquisitionem
1433 2091 1860 2183 humanam,
1899 2089 2086 2163 sicut
2137 2091 2433 2186 physica
2467 2096 2541 2164 et
2574 2091 2835 2184 ethica,

502 2213 706 2306 idest,
767 2211 1214 2307 philosophia
1284 2210 1638 2285 naturalis
1706 2215 1781 2284 et
1847 2210 2185 2284 moralis:
2238 2231 2372 2306 per
2438 2211 2843 2306 Apollinem

501 2352 682 2406 vero
726 2331 1027 2405 scientia
1064 2330 1643 2424 supernaturalis
1678 2334 1752 2403 et
1790 2329 2058 2423 divina,
2102 2329 2289 2404 sicut
2326 2331 2844 2426 metaphysica,

502 2451 708 2545 idest,
762 2471 972 2524 sacra
1022 2450 1339 2526 scientia.
1394 2449 1515 2523 Sol
1567 2449 1761 2523 enim
1816 2455 1928 2523 est
1978 2449 2106 2544 qui
2157 2448 2431 2524 virtute
2480 2471 2617 2524 sua
2677 2451 2847 2528 facit

502 2570 699 2644 viros
749 2568 1109 2663 sapientes
1159 2575 1233 2643 et
1283 2568 1721 2643 excellentes
1770 2567 2132 2660 doctoreS,
2166 2568 2357 2642 sicut
2389 2576 2609 2643 autor
2641 2571 2843 2665 ponit

501 2688 691 2763 infra
743 2688 868 2761 uhi
917 2693 1182 2761 tractat
1221 2687 1313 2762 de
1364 2708 1576 2782 spera
1613 2687 1819 2782 solis3
1856 2687 2022 2761 ideo
2056 2688 2355 2762 scientia
2397 2689 2749 2763 naturalis
2771 2677 2845 2780 (⁴)

502 2810 790 2884 suffecit
840 2809 971 2884 sihi
1024 2809 1099 2881 in
1148 2808 1438 2883 duobus
1469 2808 2050 2903 praecedentibus
2086 2808 2333 2903 libris;
2369 2809 2674 2882 nuncin
2710 2809 2846 2883 isto

502 2930 717 3004 tertio
753 2929 1027 3026 indiget
1060 2928 1358 3003 scientia
1394 2928 1659 3002 divina.
1697 2927 1802 3002 Ad
1838 2928 2126 3002 literam
2171 2947 2352 3023 ergo
2387 2927 2557 3001 dicit
2590 2934 2843 3022 poeta:

500 3052 660 3122 l’un
708 3052 944 3142 9i090,
986 3048 1176 3122 istud
1220 3048 1491 3143 jugum
1536 3052 1843 3121 vocatur
1878 3048 2131 3142 Nyssa,
2175 3055 2252 3122 et
2290 3053 2400 3123 est
2452 3048 2738 3141 Bacchi,
2775 3051 2850 3121 di

503 3176 862 3262 Parnas0,
926 3170 1116 3242 bene
1165 3168 1507 3242 convenit
1559 3187 1860 3261 nomen3
1913 3167 2180 3242 dicitur
2230 3169 2426 3243 enim
2478 3170 2846 3242 Parnasus

504 3289 714 3383 quasi
765 3308 1031 3384 parans
1084 3307 1226 3382 noy
1278 3307 1602 3381 sensum,
1656 3286 1838 3361 idest
1890 3288 2117 3362 menti
2159 3287 2610 3382 sapientiam,
2654 3291 2850 3361 assai

501 3412 598 3482 mi
641 3412 749 3502 su,
802 3407 1007 3500 idest,
1060 3405 1346 3481 suffecit
1387 3407 1587 3499 mihi,
1622 3410 1851 3480 ins-ino
1885 3429 1932 3479 a
1987 3410 2128 3499 qui,
2171 3407 2462 3502 scilicet,
2501 3408 2572 3480 in
2608 3408 2849 3502 primo

500 3527 689 3601 libro
737 3527 1006 3602 Inferni
1057 3533 1131 3601 et
1179 3527 1503 3600 secundo
1555 3527 1992 3624 Purgatorii,
2045 3548 2165 3600 ma
2214 3548 2329 3617 or,
2363 3526 2569 3621 idest,
2613 3547 2850 3623 nuper

501 3648 595 3723 de
643 3647 1005 3742 praesenti,
1056 3650 1146 3719 m’
1172 3640 1214 3720 e*
1256 3667 1468 3739 uop0,
1519 3646 1725 3739 idest,
1779 3647 2071 3741 expedit
2120 3647 2321 3740 mihi,
2374 3654 2659 3720 entrare
2700 3651 2850 3720 nel-

500 3771 545 3840 l’
572 3770 876 3858 arrinyo
925 3769 1221 3857 rimam,
1272 3766 1480 3860 idest,
1531 3786 1835 3840 cursum
1882 3772 1957 3839 et
1994 3772 2389 3840 tractatum
2428 3766 2619 3840 tertii
2663 3766 2850 3858 libri,

503 3889 629 3983 qui
679 3888 945 3963 dicitur
995 3887 1409 3981 Paradisus,
1445 3887 1574 3980 qui
1615 3892 1840 3961 restat
1874 3886 2414 3981 describendus,
2450 3907 2583 3959 con
2615 3888 2850 3958 ambe-

504 4011 661 4099 due,
713 4008 919 4102 idest,
966 4014 1292 4101 utroque
1322 4007 1532 4103 jugo,
1570 4006 1779 4100 quasi
1814 4006 2029 4100 dicat,
2068 4027 2264 4081 nunc
2315 4007 2389 4079 in
2439 4006 2574 4080 ista
2610 4006 2849 4080 ardua

509 4128 815 4202 materia
867 4148 1053 4225 egeo
1103 4127 1379 4203 auxilio
1429 4127 1751 4200 duorum
1803 4126 2142 4221 deorum,
2191 4126 2464 4200 scilicet
2508 4125 2850 4220 Apollinis

506 4251 582 4319 et
632 4246 914 4320 Bacchi.
968 4247 1110 4323 Sed
1162 4247 1278 4321 hic
1328 4252 1437 4320 est
1486 4267 1672 4340 opus
1724 4266 1991 4341 magna
2028 4246 2563 4340 speculatione:
2616 4267 2850 4341 quare

505 4371 727 4439 autor
767 4365 958 4439 dicat
1006 4388 1085 4441 se
1135 4388 1359 4464 egere
1394 4373 1716 4461 utroque
1748 4366 1943 4460 De03
1981 4367 2176 4462 quia,
2220 4367 2473 4443 dicunt
2505 4389 2846 4443 commu-

630 4548 688 4612 (¹)
721 4550 780 4599 E.
814 4551 1092 4601 maiestatis
1125 4553 1237 4603 Dei.
1756 4550 1811 4613 (²)
1845 4558 1893 4612 ι,
1930 4553 2193 4605 roborata.

631 4624 683 4687 (⁸)
716 4627 775 4677 Ε.
810 4628 1052 4679 Lucanus
1082 4630 1186 4680 ait:
1218 4636 1497 4694 ventosque.
1760 4628 1815 4690 (⁸)
1847 4629 1900 4679 S.
1932 4643 1963 4680 e
1995 4630 2057 4680 E.
2090 4631 2342 4682 naturalis
2372 4631 2597 4681 humana
2628 4629 2848 4681 suffecit.
