3734 5567
1420 500 1697 556 cAN'rus
1745 504 2031 559 pannus,
2749 496 2887 564 321

549 647 1028 725 strumentis?
1077 646 1350 722 Musica
1399 645 1758 740 siquidem
1811 647 2129 740 quadam
2183 649 2734 746 participatione
2784 653 2893 727 le-
3020 655 3021 658 ‘

547 770 725 844 titiae
777 774 1061 843 mentes
1112 768 1474 842 humanas
1524 766 1745 841 trahit
1794 766 1889 840 ad
1947 766 2365 844 societatem
2427 773 2892 868 angelorum,

545 889 755 965 cuius
808 889 1130 964 suavitas
1183 894 1383 963 tanta
1434 892 1567 981 est,
1610 886 1809 981 quod
1860 885 2155 983 expellit
2203 908 2421 965 curas
2471 892 2567 966 ab
2618 893 2890 988 animo,

549 1010 850 1085 morbos
898 1030 945 1083 a
994 1027 1328 1103 corpore,
1381 1007 1671 1082 labores
1721 1011 2131 1101 temperat;
2188 1008 2379 1083 unde
2426 1012 2889 1108 Pythagorici

546 1131 946 1205 utebantur
996 1129 1357 1204 cantilena
1407 1128 1483 1201 in
1534 1126 1774 1202 studio
1833 1127 2144 1202 scientes
2208 1127 2405 1221 quod
2465 1132 2890 1228 compositio

545 1250 811 1326 animae
862 1255 936 1324 et
986 1248 1311 1344 corporis
1346 1253 1457 1323 est
1491 1247 1880 1322 coniuncta
1916 1267 2046 1342 per
2083 1246 2484 1341 musicam3
2521 1252 2714 1326 unde
2746 1253 2891 1327 De·

545 1369 900 1443 mocritus
950 1369 1217 1444 dicitur
1267 1366 1665 1442 ostendisse
1699 1367 1954 1462 pulsus
1987 1366 2226 1441 cordis
2266 1366 2678 1463 Hippocrati
2728 1392 2889 1446 me-

543 1490 725 1566 dico.
779 1491 1015 1565 Immo
1067 1489 1351 1565 musica
1401 1488 1693 1583 expellit
1743 1488 2129 1581 daemone3
2183 1487 2381 1562 unde
2432 1508 2604 1562 cum
2661 1489 2887 1566 David

543 1612 879 1706 pulsabat
929 1610 1314 1704 citharam,
1368 1608 1543 1683 Saul
1594 1628 1806 1683 socer
1866 1609 2026 1682 eius
2091 1607 2335 1682 minus
2386 1610 2794 1684 vexabatur
2844 1631 2891 1684 a

546 1732 867 1829 maligno
917 1731 1195 1827 spiritu.
1250 1731 1422 1805 Ideo
1470 1731 1662 1805 hene
1700 1729 1873 1804 dicit
1906 1729 2223 1805 Isidorus
2266 1730 2464 1823 quod
2513 1730 2668 1805 sine
2720 1750 2893 1802 mu-

545 1851 694 1928 sica
727 1853 927 1926 nulla
961 1851 1330 1948 disciplina
1367 1856 1604 1946 potest
1637 1871 1799 1925 esse
1833 1849 2174 1946 perfecta.
2213 1852 2666 1947 Pythagoras
2707 1870 2888 1925 vero

546 1971 831 2047 dicebat
881 1973 1078 2045 hunc
1127 1970 1491 2044 mundum
1545 1990 1706 2045 esse
1764 1970 2139 2045 conditum
2201 1990 2333 2065 per
2397 1970 2754 2045 musicam
2818 1976 2892 2045 et

544 2112 678 2186 per
710 2084 784 2183 (¹)
839 2091 1193 2166 musicam
1246 2089 1694 2188 gubernari:
1748 2110 1983 2184 quare
2032 2089 2329 2165 Boetius
2378 2090 2454 2164 in
2506 2090 2889 2185 prohemio

547 2211 850 2286 musicae
899 2211 1304 2286 concludit:
1365 2218 1666 2305 apparet
1709 2214 1923 2304 ἐρίων
1972 2216 2310 2285 musicam
2356 2214 2457 2286 ita
2504 2212 2703 2284 nobis
2750 2232 2890 2284 na-

542 2334 862 2406 turaliter
921 2352 1066 2405 esse
1122 2333 1585 2424 coniunctam,
1640 2338 1716 2404 ut
1759 2351 1907 2404 non
1960 2335 2308 2424 possimus
2370 2352 2516 2404 esse
2586 2335 2734 2405 sine
2805 2353 2892 2404 ea

542 2453 749 2525 etiam
795 2454 861 2524 si
907 2453 1208 2525 velimus.
1271 2448 1544 2526 Musica
1591 2450 1815 2547 igitur
1876 2451 2044 2525 vitae
2091 2450 2663 2545 condimentum,
2717 2471 2890 2525 sua-

543 2570 728 2645 vitas
780 2571 1029 2665 animi,
1070 2570 1484 2666 jocunditas
1534 2571 1796 2646 divinae
1858 2571 2113 2667 laudiS,
2157 2571 2494 2667 jubilatio
2564 2572 2892 2647 devotio-

543 2690 677 2784 niS,
728 2689 1137 2788 gratiarum
1188 2690 1404 2784 acti0‚
1456 2689 1630 2787 fuga
1680 2691 2128 2785 daemonum,
2171 2691 2606 2766 exercitium
2657 2712 2888 2788 ange-

542 2811 811 2884 lorum.
864 2810 1076 2885 Nunc
1133 2810 1383 2884 audita
1453 2815 1563 2884 est
1619 2830 1666 2883 a
1735 2815 1950 2905 poeta
2008 2831 2182 2886 cum
2244 2810 2552 2887 intraret
2610 2811 2879 2885 coelum

540 2950 714 3005 cum
766 2930 1099 3005 Beatrice
1150 2930 1385 3005 multo
1421 2928 1811 3024 perfectius
1863 2935 1937 3006 et
1988 2929 2271 3005 dulcius
2310 2951 2539 3025 quam
2591 2929 2889 3025 quando

541 3048 838 3125 intravit
886 3049 1403 3147 purgatorium
1458 3069 1630 3123 cum
1666 3050 2001 3147 Virgilio:
2039 3058 2113 3125 et
2154 3057 2341 3125 tacta
2396 3050 2780 3126 dulcedine
2810 3041 2884 3143 (²)

542 3169 724 3264 soni,
783 3170 1015 3267 tangit
1075 3175 1292 3265 poeta
1357 3169 1764 3245 claritatem
1834 3170 2156 3265 luminiS,
2220 3172 2512 3247 dicens:
2567 3174 2893 3265 parvemi

543 3292 755 3383 altor,
810 3290 991 3364 dum
1044 3295 1318 3365 starem
1358 3289 1461 3363 sic
1510 3294 1834 3364 attentus
1884 3290 1978 3364 ad
2011 3310 2301 3385 sonum,
2338 3298 2531 3366 tanto
2565 3294 2681 3366 del
2713 3293 2887 3365 cielo

542 3431 781 3484 acoeso
830 3412 1029 3485 dalla
1074 3412 1369 3503 fiamma
1418 3411 1535 3483 del
1578 3412 1748 3500 sole,
1798 3410 1929 3504 qui
1969 3411 2128 3506 jam
2193 3411 2393 3486 visus
2446 3411 2687 3487 fuerat
2745 3409 2883 3485 sibi

540 3529 915 3625 duplicari,
971 3534 1051 3605 ut
1101 3529 1335 3624 patuit
1385 3529 1607 3625 paulo
1642 3550 1914 3624 supra:
1953 3536 2026 3604 et
2062 3530 2384 3605 declarat
2418 3531 2718 3606 coeleste
2750 3550 2886 3625 per

540 3657 892 3727 terrestre
930 3649 1186 3744 simile,
1223 3649 1509 3724 dicens:
1562 3652 1682 3723 che
1717 3652 2018 3744 pioyyia
2052 3672 2096 3723 o
2123 3654 2335 3743 fiume
2366 3672 2510 3725 non
2538 3655 2685 3745 fece
2719 3653 2886 3740 layo

538 3775 746 3847 alcun
779 3776 974 3844 tanto
1014 3772 1286 3844 disemo,
1321 3769 1730 3864 Aliquando
1765 3771 1962 3846 enim
2006 3771 2253 3866 pluvia
2291 3777 2517 3867 auget
2551 3770 2880 3865 flumina,

537 3914 705 3988 quae
738 3890 1097 3966 inundant
1128 3910 1427 3986 campos
1462 3890 1784 3986 vicinos3
1820 3900 1896 3967 et
1928 3892 2323 3987 aliquando
2372 3890 2525 3986 ipsa
2576 3890 2882 3965 flumina

540 4012 950 4087 redundant
1011 4010 1105 4086 de
1163 4011 1279 4085 sui
1347 4017 1615 4086 natura
1664 4012 1884 4088 etiam
1947 4014 2104 4088 sine
2162 4012 2428 4108 pluvia,
2482 4017 2556 4086 et
2605 4011 2882 4086 faciunt

541 4150 844 4227 magnas
895 4131 1119 4207 valles
1172 4136 1245 4205 et
1295 4131 1596 4207 lacunas
1646 4132 1834 4209 sicut
1886 4134 2128 4208 Padus
2177 4133 2253 4207 in
2301 4131 2761 4208 Lombardia.

690 4255 792 4322 La
839 4240 1078 4323 novitd
1131 4252 1246 4325 del
1290 4271 1535 4325 suono,
1596 4252 1736 4327 Ista
1800 4258 1913 4327 est
1972 4259 2237 4348 quarta
2287 4273 2456 4349 pars
2517 4250 2884 4350 generalis

546 4367 767 4444 huius
814 4369 1280 4464 prohemialis
1330 4370 1648 4466 capituli,
1702 4370 1776 4445 in
1827 4393 1975 4466 qua
2025 4378 2243 4468 poeta
2293 4372 2562 4447 Dantes
2621 4371 2885 4468 probat

660 4630 715 4696 (¹)
744 4631 809 4682 Β.
841 4636 895 4683 et
927 4643 1024 4695 per
1054 4631 1290 4682 eamdem
1324 4632 1621 4697 gubernari.
1874 4632 1928 4696 (‘)
1960 4633 2023 4684 Ε.
2056 4632 2330 4685 dulcedine
2363 4634 2457 4685 viae
2490 4635 2620 4684 soni.

796 4739 872 4784 lv.
1061 4765 1068 4772 ·
2558 4741 2610 4785 21
