3734 5567
885 503 1029 570 372
1667 510 2079 565 com-mrum
2128 511 2460 564 PAnAmsr

879 680 974 734 ex
1027 658 1219 755 igne,
1271 655 1458 731 sicut
1509 654 1736 728 refert
1785 654 2063 728 Tullius
2105 654 2344 749 primo
2394 654 2486 729 de
2535 655 2812 728 Natura
2864 654 3229 749 Deorumg

881 787 958 854 et
1007 777 1458 874 Augustinus
1492 774 1612 848 Vll
1647 774 1740 849 de
1772 774 2079 850 Civitate
2118 776 2246 850 Dei
2289 775 2481 849 circa
2524 774 2982 870 principium.
3018 777 3231 851 Modo

881 915 1140 972 omnes
1189 897 1499 991 planetae
1551 900 1763 968 erant
1812 894 1922 966 Dii
1974 896 2172 990 apud
2220 894 2527 992 gentiles
2575 895 2940 991 antiquoS,
2989 904 3069 970 ut
3116 897 3231 971 di-

881 1025 1093 1093 cetur
1127 1016 1443 1111 capitulo
1493 1014 1851 1107 sequenti.
1881 1055 1981 1069 —
2004 1020 2239 1090 che.
2276 1016 2486 1090 Nunc
2537 1015 2889 1090 Picharda
2926 1037 3229 1111 respon-

880 1137 1006 1212 det
1053 1137 1374 1231 perfecte
1405 1134 1498 1208 ad
1533 1134 1948 1229 quaesitum,
1984 1141 2058 1209 et
2092 1134 2262 1208 dicit
2295 1135 2494 1227 quod
2528 1155 2785 1210 omnes
2819 1135 3014 1210 beati
3049 1156 3224 1210 con-

883 1263 1260 1331 tentantur
1311 1260 1507 1329 sorte
1559 1275 1717 1348 sua,
1756 1274 1892 1328 nec
1943 1255 2107 1348 plus
2156 1254 2567 1329 desiderant
2608 1275 2831 1348 quam
2869 1255 3225 1349 habeant;

881 1382 955 1451 et
1004 1374 1437 1471 principium
1490 1381 1566 1449 et
1621 1374 2187 1449 fundamentum
2252 1374 2473 1449 huius
2534 1382 2645 1448 est
2703 1376 2990 1450 caritas.
3045 1376 3229 1450 Dicit

881 1517 1100 1593 ergo:
1168 1491 1357 1569 Virtz'c
1406 1497 1481 1568 di
1527 1484 1783 1586 can'ld,
1817 1514 1987 1588 quae
2038 1515 2211 1568 cum
2265 1495 2355 1568 sit
2406 1515 2672 1590 magna
2719 1495 2790 1568 in
2836 1495 2951 1570 via
2994 1495 3228 1570 maior

881 1623 992 1692 est
1041 1616 1114 1689 in
1165 1614 1437 1711 patria3
1491 1634 1661 1687 nam
1716 1613 1894 1688 fides
1944 1620 2021 1688 et
2068 1634 2232 1709 spes
2280 1620 2565 1688 cessant
2616 1613 2736 1708 ibi,
2789 1614 2916 1688 sed
2966 1614 3227 1689 caritas

880 1735 1181 1830 crescit3
1232 1738 1354 1808 che
1395 1740 1479 1829 sa
1529 1737 1810 1808 volerne
1856 1737 1968 1807 sol
2014 1737 2174 1825 quel
2216 1737 2606 1825 ch’avenw,
2643 1740 2717 1809 et
2766 1754 3060 1829 semper
3095 1736 3226 1808 ha-

879 1857 1243 1951 bebimuS‚
1292 1878 1331 1929 e
1379 1858 1448 1928 α’
1473 1857 1661 1928 altro
1709 1876 1855 1927 non
1904 1857 1969 1927 ci
2015 1861 2272 1946 assela,
2323 1853 2531 1948 idest,
2582 1862 2658 1929 et
2711 1876 2854 1929 non
2891 1855 3059 1929 facit
3094 1875 3227 1928 no-

880 1977 989 2051 his
1040 1976 1479 2052 desiderium
1536 1975 1833 2048 maioris
1883 1975 2157 2070 gloriae.
2201 1974 2371 2049 Ideo
2421 1975 2611 2049 bene
2661 1974 2832 2048 dicit
2881 1974 3226 2071 Augusti-

880 2117 1060 2171 nus:
1129 2096 1460 2171 exultant
1527 2111 1785 2168 omnes
1847 2094 1924 2166 in
1996 2094 2305 2189 propriis
2373 2093 2915 2187 mansionibus;
2985 2093 3225 2189 dispar

880 2215 1116 2311 gloria
1175 2214 1301 2288 sed
1359 2213 1773 2286 communis
1821 2211 2067 2285 laetitia
2120 2212 2498 2306 omnium;
2565 2216 2791 2304 quieta
2850 2215 2927 2285 la
2981 2222 3226 2286 nostra

881 2325 1189 2425 volunld,
1241 2333 1444 2426 idest,
1498 2338 1889 2406 contentat.
1927 2331 2176 2406 Simile
2215 2339 2324 2406 est
2363 2332 2454 2407 de
2496 2334 2684 2407 vasis
2723 2333 3222 2410 differentibus

879 2452 954 2527 in
1007 2458 1231 2546 terra,
1269 2452 1440 2546 quia
1478 2452 1719 2524 minus
1754 2472 1885 2525 vas
1922 2472 2068 2526 non
2101 2458 2338 2546 potest
2380 2452 2542 2546 plus
2577 2473 2843 2548 capere
2879 2455 2971 2528 de
3003 2473 3218 2547 aqua,

880 2580 955 2647 et
1005 2572 1103 2646 ita
1155 2571 1399 2645 anima
1450 2570 1524 2643 in
1574 2572 1761 2644 coelo
1814 2591 1959 2644 non
2012 2577 2121 2645 est
2164 2591 2395 2665 capax
2437 2572 2737 2646 maioris
2775 2572 3053 2669 gloriae,
3088 2592 3223 2646 nec

880 2699 1117 2786 potest
1168 2693 1331 2787 plus
1379 2699 1748 2785 appetere.
1775 2695 2008 2763 —Se.
2051 2689 2182 2764 Hic
2229 2690 2584 2765 Picharda
2634 2691 2896 2785 probat
2947 2691 3218 2765 dictum

879 2835 1124 2907 suum,
1166 2810 1337 2906 quia
1391 2811 1448 2884 si
1501 2831 1646 2884 non
1689 2816 1882 2885 esset
1933 2810 2035 2883 sic
2084 2818 2525 2903 sequeretur
2568 2811 2783 2884 nimis
2817 2811 3219 2886 absurdum

878 2932 1414 3007 inconveniens,
1467 2929 1672 3003 Unde
1721 2929 1927 3003 dicit:
1966 2934 2054 3003 Se
2085 2932 2489 3003 desiassimo
2521 2952 2708 3004 esser
2730 2926 2857 3024 pist
2893 2952 3215 3023 superne,

876 3051 1082 3145 idest,
1132 3049 1548 3144 superiores
1598 3048 1672 3121 in
1720 3048 1978 3144 gloria,
2026 3051 2129 3138 qli
2175 3053 2401 3122 nostri
2445 3052 2663 3124 desiri
2704 3053 2953 3144 soran,
3009 3050 3216 3140 idest,

875 3175 1142 3263 essent,
1194 3169 1502 3240 discordi
1550 3169 1677 3240 dal
1725 3170 1919 3240 voler
1968 3169 2044 3240 di
2089 3170 2295 3262 colui,
2353 3168 2556 3263 idest,
2591 3169 2746 3263 Dei,
2798 3172 2918 3242 che
2966 3172 3086 3261 qui
3131 3189 3216 3241 ne

874 3308 1106 3378 cerne,
1157 3285 1361 3380 idest,
1412 3286 1711 3379 deputat
1765 3306 1896 3360 nos
1947 3287 2349 3381 quemlibet
2408 3288 2482 3361 in
2547 3287 2803 3363 ordine
2855 3308 3012 3361 suo.
3066 3286 3219 3359 Hoc

874 3412 1127 3481 autem
1180 3412 1291 3479 est
1353 3405 1812 3499 impossibile,
1865 3405 2063 3479 unde
2125 3405 2317 3499 dicit,
2374 3410 2519 3498 clue,
2580 3407 2785 3501 idest,
2837 3406 3038 3500 quod
3086 3406 3217 3480 de-

876 3526 1203 3601 siderare
1252 3545 1335 3597 su
1344 3523 1612 3619 periuS,
1666 3526 1906 3597 vedrai
1953 3544 2094 3597 non
2154 3546 2432 3618 capere,
2485 3526 2690 3619 idest,
2743 3547 2890 3600 non
2941 3525 3217 3599 habere

874 3648 1144 3739 locum,
1196 3648 1271 3718 in
1319 3648 1535 3737 questi
1579 3647 1748 3736 ytri,
1798 3644 2004 3736 idest,
2051 3646 2280 3739 speris
2324 3647 2761 3740 coelestibuS,
2796 3650 2854 3718 s’
2872 3668 3099 3719 essere
3147 3649 3221 3719 in

873 3772 1166 3840 cantate
1213 3761 1256 3839 e*
1300 3768 1419 3857 qui
1466 3785 1760 3855 necesse,
1803 3764 1886 3858 si,
1923 3784 2058 3859 pro
2109 3765 2305 3859 quia,
2350 3765 2522 3858 quia
2557 3765 2661 3839 sic
2693 3770 2803 3840 est
2837 3766 2930 3839 de
2963 3785 3218 3840 neces-

873 3886 1107 3979 sitate,
1160 3907 1197 3959 e
1243 3908 1319 3958 se
1367 3887 1442 3958 la
1490 3906 1622 3957 sua
1671 3891 1937 3957 natura
1986 3885 2115 3956 ben
2163 3888 2421 3976 rimin,
2458 3886 2632 3978 quia
2666 3884 2933 3959 caritas
2974 3884 3218 3958 diver-

871 4005 1156 4081 sitatem
1200 4005 1615 4079 animarum
1655 4003 2055 4077 consolidat
2090 4004 2164 4077 in
2198 4003 2574 4097 unionem,
2612 4005 2709 4077 ita
2745 4003 2944 4098 quod
2983 4008 3220 4077 cessat

873 4124 1113 4199 omnis
1162 4123 1542 4217 discordia,
1591 4126 1787 4212 anzi,
1837 4122 1989 4195 imo
2049 4124 2290 4216 potius
2350 4145 2395 4198 e
2459 4133 2738 4217 contra,
2799 4118 2839 4196 e'
2888 4124 3219 4217 formale,

873 4241 1333 4337 principium,
1384 4245 1484 4316 ad
1537 4250 1681 4316 esto
1743 4243 1942 4314 beato
2005 4262 2176 4333 esse,
2237 4243 2445 4339 idest,
2508 4244 2601 4318 ad
2659 4244 2881 4317 istum
2946 4249 3217 4316 statum

872 4360 1336 4435 beatitudinis
1386 4362 1722 4435 omnium
1775 4362 2144 4435 bonorum
2197 4365 2725 4461 aggregatione
2785 4362 3216 4458 perfectum,

875 4483 1127 4555 tenersi
1173 4481 1422 4553 dentro
1479 4483 1627 4553 alla
1690 4481 1933 4553 divina
1995 4484 2255 4574 voylia,
2308 4483 2512 4577 idest,
2565 4483 3032 4558 conformare
3084 4502 3219 4555 nos

879 4599 1231 4677 voluntati
1282 4598 1565 4694 divinae,
1619 4618 1787 4694 quae
1836 4606 1950 4674 est
1996 4600 2232 4695 prima
2284 4609 2359 4676 et
2409 4624 2703 4677 summa
2752 4621 3002 4694 causa,
3037 4621 3216 4693 per-
