3734 5567
1168 479 1445 537 emus
1495 482 1880 536 v1GEsmUs
1929 483 2214 538 ramus.
2767 474 2854 539 17

515 624 748 700 factus
797 623 1234 699 christianus
1284 644 1417 719 per
1466 624 1727 720 ipsum.
1784 624 2207 700 Secundum
2273 627 2592 720 primum
2648 628 2856 703 litera

515 751 626 819 est
672 744 776 819 sic
827 743 1296 839 exponenda:
1354 748 1444 816 Le
1495 747 1761 838 saville,
1815 744 2021 836 idest,
2083 744 2272 819 dicta
2334 746 2606 842 Virgilii
2667 753 2859 822 tam-

515 885 740 960 quam
794 863 984 939 vivae
1046 863 1395 958 scintillae,
1446 866 1627 937 ende
1686 885 1864 936 sono
1929 865 2269 954 allumaa',
2329 864 2535 954 idest,
2587 865 2861 939 illumi-

515 984 688 1079 nati,
717 979 841 1077 pist
871 985 950 1056 di
981 985 1187 1074 mille,
1227 982 1400 1077 quia
1443 983 1673 1057 multa
1729 983 1952 1057 millia
2001 983 2401 1057 latinorum
2452 985 2863 1061 didicerunt

515 1103 876 1200 poetriam
960 1111 1034 1178 et
1117 1102 1611 1197 eloquentiam
1698 1102 2066 1178 mediante
2147 1103 2492 1199 dogmate
2560 1105 2860 1202 Virgilii,

516 1227 634 1297 che
693 1226 791 1296 mi
847 1224 1135 1296 scalda:-
1202 1224 1386 1295 della
1442 1224 1683 1295 divina
1733 1225 2054 1314 flamma,
2104 1222 2309 1317 idest,
2360 1226 2858 1300 accenderunt

520 1349 843 1419 mentem
898 1362 1142 1418 meam
1194 1342 1353 1416 eius
1402 1341 1730 1417 doctrina
1780 1342 2045 1436 divina,
2091 1345 2174 1436 fu
2221 1365 2428 1435 seme,
2479 1345 2687 1439 idest,
2740 1365 2859 1420 se-

523 1462 785 1537 mentis
835 1468 908 1536 et
975 1460 1207 1554 radix,
1261 1464 1338 1533 al
1391 1464 1530 1535 mio
1593 1465 1885 1552 ardore,
1949 1462 2154 1556 idest,
2216 1463 2497 1537 ardenti
2568 1464 2861 1560 ingenio

525 1603 692 1657 meo
740 1582 834 1656 ad
883 1581 1350 1676 poetandum.
1393 1580 1813 1656 Secundum
1864 1581 2090 1655 alium
2144 1581 2595 1657 intellectum
2651 1584 2859 1658 litera

523 1702 626 1775 sic
695 1706 1145 1796 exponatur:
1214 1704 1308 1773 Le
1367 1704 1607 1794 saville
1672 1704 1792 1773 che
1858 1705 1956 1774 mi
2016 1705 2306 1775 scaldar
2367 1705 2551 1776 della
2619 1705 2862 1776 divina

514 1825 835 1915 flamma,
870 1819 1160 1913 scilicet,
1196 1820 1500 1896 caritate
1534 1820 1697 1895 fidei
1745 1821 2180 1917 christianae,
2209 1826 2335 1915 sur
2373 1844 2620 1913 scema,
2656 1823 2867 1916 idest,

523 1943 822 2018 fuerunt
847 1935 921 2033 (¹)
995 1946 1175 2015 tunc
1249 1940 1649 2035 diminutae‚
1716 1944 1794 2014 al
1852 1945 1993 2015 mio
2056 1946 2347 2036 ardore,
2413 1943 2619 2036 idest,
2692 1962 2865 2017 meo

521 2061 807 2155 amori3
861 2060 1070 2155 quasi
1128 2060 1320 2134 dicat
1370 2060 1680 2135 Statius:
1752 2060 1920 2136 licet
1985 2082 2029 2135 a
2098 2069 2171 2137 te
2241 2062 2625 2136 habuerim
2694 2082 2861 2136 cre-

523 2181 900 2255 dulitatem
951 2178 1118 2253 fidei
1169 2199 1389 2273 verae,
1444 2185 1693 2255 tamen
1753 2200 1968 2254 amor
2028 2201 2240 2255 meus
2304 2181 2439 2255 fuit
2500 2182 2731 2255 simus
2789 2187 2864 2255 et

527 2304 767 2377 lentus
813 2300 962 2393 diu,
1014 2307 1089 2374 et
1139 2300 1241 2374 sic
1292 2300 1588 2394 peccavi
1619 2291 1690 2391 (²)
1728 2321 1862 2395 per
1911 2300 2287 2393 accidiam,
2323 2302 2513 2376 sicut
2550 2308 2860 2377 testatur

527 2421 745 2516 paulo
797 2426 974 2515 post.
1011 2419 1152 2495 Sed
1185 2419 1302 2493 hic
1336 2425 1533 2514 nota,
1570 2420 1767 2515 quod
1800 2420 1967 2494 licet
2002 2426 2218 2515 poeta
2255 2422 2427 2496 velit
2463 2423 2661 2518 quod
2695 2422 2863 2497 Sta·

528 2542 670 2615 tius
719 2540 1060 2615 habuerit
1109 2562 1154 2615 a
1189 2540 1487 2636 Virgilio
1540 2547 1947 2635 utrumque
1997 2542 2302 2635 bonum,
2344 2542 2635 2637 scilicet,
2687 2564 2867 2639 poe-

526 2661 684 2735 triae
736 2666 811 2734 et
861 2658 1050 2753 fidei,
1096 2666 1343 2734 tamen
1394 2659 1628 2754 prima
1680 2659 2032 2754 expositio
2083 2660 2218 2733 fuit
2253 2661 2552 2755 melior3
2588 2663 2762 2756 quia
2804 2663 2863 2736 si

525 2781 797 2856 Statius
846 2780 982 2854 fuit
1033 2779 1483 2854 illuminatus
1535 2779 1813 2854 lumine
1863 2779 2029 2854 fidei
2079 2800 2218 2884 per
2262 2781 2668 2877 Virgilium,
2719 2802 2866 2855 non

528 2902 725 2976 mille
772 2900 916 2994 alii,
969 2900 1156 2974 sicut
1204 2899 1415 2974 litera
1463 2899 1672 2973 dicit:
1724 2907 2083 2995 praeterea
2134 2900 2347 2974 litera
2382 2921 2700 2994 sequens
2733 2901 2866 2976 de-

526 3023 756 3097 clarat
814 3040 1160 3115 expresse
1210 3019 1408 3113 quod
1465 3018 1793 3113 loquitur
1852 3019 2257 3093 secundum
2318 3018 2640 3113 primum
2704 3039 2868 3092 mo-

525 3143 725 3217 dum.
789 3140 994 3215 Unde
1059 3138 1348 3212 subdit:
1415 3140 1570 3211 dell’
1593 3140 1864 3211 Eneida
1925 3140 2108 3228 dioc,
2185 3137 2313 3232 qui
2385 3137 2566 3212 liber
2637 3144 2871 3232 potest

527 3263 665 3338 dici
734 3260 1115 3357 speculum
1182 3259 1530 3331 humanae
1594 3258 1783 3351 vitae,
1835 3258 2023 3332 sicut
2081 3258 2253 3333 dicit
2311 3257 2730 3334 Aristoteles
2778 3257 2872 3333 de

529 3382 846 3479 Odyssea
894 3378 1195 3454 Homeri
1255 3378 1329 3451 in
1380 3377 1831 3471 Rhetoricis3
1884 3381 1957 3450 la
2015 3380 2184 3470 qual
2225 3379 2473 3469 summi
2533 3397 2871 3469 mamma,

531 3504 736 3596 idest,
773 3500 1093 3574 mamilla
1129 3497 1380 3590 dulciS,
1417 3498 1533 3571 vel
1575 3518 1911 3586 mamma,
1947 3496 2152 3591 idest,
2191 3503 2451 3590 mater,
2478 3496 2871 3592 propinans

534 3622 710 3696 mihi
759 3620 1080 3715 primum
1133 3620 1246 3692 lac
1296 3617 1642 3711 poetriae3
1694 3616 1892 3690 unde
1941 3617 2149 3691 dicit:
2202 3640 2240 3690 e
2282 3621 2364 3710 su
2413 3619 2558 3689 mia
2605 3620 2871 3691 nuh-icc

526 3744 901 3837 poetarum,
951 3739 1115 3814 ideo
1166 3737 1410 3812 studui
1465 3736 1631 3810 totis
1684 3736 1960 3810 viribus
2020 3735 2285 3811 imitari
2345 3736 2584 3831 ipsum
2634 3757 2869 3831 opus;

532 3864 729 3938 unde
777 3860 985 3936 dicit:
1034 3860 1224 3932 senz’
1249 3878 1405 3931 essa
1452 3877 1598 3929 non
1633 3859 1895 3950 fermai
1926 3876 2095 3947 peso
2143 3857 2220 3928 di
2265 3857 2624 3946 dramma,
2661 3854 2868 3949 quasi

531 3983 746 4076 dicat,
799 4001 947 4054 non
997 3976 1282 4053 firmavi
1337 3977 1726 4050 minimum
1778 3983 2133 4070 punctum
2198 3975 2313 4050 vel
2373 3995 2692 4070 passum.
2748 3975 2873 4048 Est

533 4103 731 4179 enim
765 4099 1114 4175 drachma
1149 4098 1546 4193 parvulum
1582 4095 1887 4190 pondus,
1924 4114 2074 4189 quo
2108 4100 2422 4168 utuntur
2461 4093 2755 4169 medici:
2799 4101 2874 4169 et

534 4223 742 4315 bene,
797 4219 1144 4315 quoniam
1195 4216 1467 4291 Statius
1516 4216 1591 4290 in
1644 4236 1779 4289 suo
1829 4214 2233 4289 Thebaidos
2275 4235 2566 4309 semper
2620 4215 2875 4290 nititur

535 4341 797 4415 imitari
849 4338 1120 4413 Eneida
1174 4336 1473 4433 Virgilii,
1527 4356 1673 4409 non
1727 4336 1965 4409 solum
2010 4335 2084 4408 in
2121 4354 2435 4436 nudmero
2484 4334 2875 4426 librorum,

661 4600 714 4662 (¹)
746 4598 797 4650 S.
830 4598 1046 4650 suerunt
1076 4609 1282 4648 summe
1312 4596 1595 4646 diminuto.
1971 4589 2027 4653 (²)
2058 4591 2121 4644 E.
2152 4591 2356 4655 poetavi
2388 4602 2499 4654 per.

801 4705 877 4749 tv.
2580 4697 2609 4740 8
