3734 5567
857 482 998 547 206
1572 489 1982 545 COMENTUM
2031 488 2474 543 PURGA'ronu

844 643 1029 731 face,
1080 637 1281 731 idest,
1335 635 1503 710 facit
1555 641 1962 728 accortum,
2016 635 2187 725 qual
2241 636 2408 723 ydra
2476 635 2719 722 timon,
2771 631 2977 726 idest,
3032 632 3199 727 qui-

847 777 1173 851 cumque
1221 757 1587 853 gubernat
1654 754 1900 828 navim
1966 754 2041 826 in
2112 752 2298 826 mari
2367 759 2640 845 nostro,
2700 774 2833 844 per
2901 757 3102 827 venir
3149 775 3198 826 a

841 883 1051 969 porto
1082 872 1189 968 (¹):
1246 876 1404 951 vult
1455 896 1635 972 ergo
1683 874 1931 948 dicere
1982 872 2181 966 quod
2229 872 2656 966 septemtrio
2706 874 3044 967 superior
3077 894 3197 948 se—

854 1003 1049 1091 ptem
1099 995 1710 1070 candelabrorum
1763 992 2208 1085 ardentium,
2244 990 2491 1087 dirigit
2525 1011 2825 1065 omnem
2882 992 3198 1066 militan-

856 1121 1005 1191 tem
1058 1115 1131 1187 in
1184 1114 1316 1189 ista
1368 1113 1672 1189 ecclesia
1723 1112 1817 1186 ad
1868 1117 2162 1207 portum
2215 1111 2491 1205 salutiS,
2537 1110 2723 1184 sicut
2774 1110 3074 1186 inferior
3125 1112 3198 1185 in

859 1240 1135 1329 septem
1193 1234 1412 1308 stellis
1463 1232 1900 1324 lucentibus,
1948 1231 2194 1327 dirigit
2243 1251 2543 1304 omnem
2607 1229 3074 1327 navigantem
3128 1231 3200 1305 in

860 1359 1110 1428 nostro
1165 1353 1349 1425 mari
1402 1351 1726 1426 inferiori
1775 1351 1869 1424 ad
1920 1357 2217 1445 portum
2261 1350 2547 1443 quietis.
2579 1391 2679 1403 —
2709 1356 2793 1423 Ec
2837 1372 2954 1424 un.
2993 1352 3200 1425 Nunc

860 1481 1075 1568 poeta
1124 1472 1465 1547 describit
1514 1472 1844 1546 solemne
1894 1471 2161 1545 festum
2214 1477 2288 1544 et
2336 1469 2689 1567 gaudium
2745 1470 3198 1544 celebratum

858 1615 1080 1689 supra
1133 1613 1439 1667 currum
1494 1600 1570 1665 et
1618 1592 2030 1688 gryphum:
2066 1597 2141 1666 et
2174 1591 2410 1685 primo
2463 1590 2758 1685 quidem
2812 1589 3202 1664 introducit

860 1734 1093 1788 unum
1165 1732 1416 1787 senem
1486 1717 1900 1785 cantantem
1957 1711 2209 1784 laudes
2285 1709 2510 1805 ipsius
2574 1709 2920 1783 ecclesiae.
2977 1709 3059 1782 Et
3107 1708 3199 1783 ad

859 1832 1404 1929 intelligentiam
1458 1832 1687 1905 literae
1738 1831 1961 1906 debes
2012 1830 2222 1924 scire,
2261 1830 2458 1923 quod
2500 1829 2618 1903 hic
2663 1835 2823 1903 erat
2859 1828 3202 1904 Salomon

859 1955 984 2049 qui
1035 1955 1225 2027 inter
1275 1953 1454 2027 alios
1504 1951 1673 2025 fecit
1720 1951 1990 2024 librum
2044 1951 2170 2043 qui
2213 1950 2623 2023 intitulatur
2666 1950 2959 2024 Cantica
3011 1950 3201 2024 Can-

860 2074 1199 2164 ticorum,
1239 2071 1311 2143 in
1352 2091 1503 2164 quo
1536 2070 1674 2143 sub
1710 2075 1880 2165 typo
1920 2069 2259 2145 describit
2293 2076 2564 2143 statum
2619 2069 2943 2143 ecclesiae
2979 2070 3207 2143 intro-

861 2192 1137 2266 ducens
1181 2210 1524 2285 sponsum
1570 2194 1644 2263 et
1675 2210 2044 2284 sponsam,
2079 2189 2262 2265 idest
2297 2170 2661 2264 Christum
2700 2195 2775 2263 et
2824 2189 3204 2263 ecclesiam

866 2310 960 2385 ad
1027 2309 1477 2403 loquendum
1533 2314 1835 2401 mutuo;
1896 2307 2059 2383 ideo
2114 2308 2377 2383 merito
2436 2315 2662 2403 poeta*
2709 2308 3101 2382 introducit
3127 2298 3200 2398 (²)

868 2428 1332 2503 Salomonem
1386 2428 1502 2502 hic
1536 2428 1946 2522 festantem,
1987 2427 2273 2503 dicens:
2327 2434 2417 2501 Ec
2445 2449 2540 2500 un
2589 2430 2664 2501 di
2712 2431 2897 2519 lora,
2938 2428 3032 2503 de
3069 2448 3208 2501 nu-

873 2567 1081 2622 mero
1132 2547 1427 2622 illorum
1479 2546 1880 2640 seniorum,
1933 2545 2204 2621 scilicet
2255 2547 2622 2641 Salomon,
2669 2550 2872 2637 quasi
2914 2548 3043 2619 dal
3087 2548 3212 2619 ciel

868 2688 1117 2758 mesw,
1172 2667 1343 2762 quia
1394 2668 1740 2741 Salomon
1790 2665 2049 2740 habuit
2089 2665 2517 2760 sapientiam
2572 2687 2617 2738 a
2669 2666 2979 2739 Domino
3011 2656 3086 2756 (³)
3139 2671 3211 2739 et

872 2788 1191 2860 maxima
1241 2787 1432 2860 dona
1481 2785 1917 2882 gratiarum,
1964 2790 2040 2859 et
2088 2790 2340 2859 tamen
2395 2792 2774 2879 tamquam
2827 2785 3048 2859 bomo
3102 2785 3211 2856 ni-

867 2907 1006 2981 mis
1056 2906 1456 2982 enormiter
1507 2905 1820 3000 erravit3
1874 2905 2037 2979 ideo
2086 2904 2290 2998 dixit,
2344 2908 2549 2995 quasi
2593 2897 2801 2995 mido
2851 2906 3207 2975 cantando

867 3035 972 3100 tre
1022 3032 1238 3100 volte.-
1304 3030 1491 3114 Veni,
1522 3045 1812 3118 sponsa,
1865 3027 1952 3098 de
2004 3025 2288 3097 Libano.
2342 3024 2485 3098 Ista
2538 3024 2764 3098 verba
2816 3023 3079 3118 scripta
3135 3023 3209 3096 in

868 3144 1212 3239 praedicto
1256 3144 1439 3218 libro
1475 3144 1947 3218 Canticorum
1985 3150 2157 3216 sunt
2191 3144 2417 3218 verba
2454 3143 2720 3238 sponsi,
2756 3143 2959 3237 idest,
3003 3141 3214 3217 Chri·

869 3262 979 3357 sti,
1033 3262 1160 3355 qui
1208 3261 1379 3335 dicit
1429 3261 1520 3334 ad
1571 3281 1937 3357 sponsam,
1989 3262 2174 3337 idest
2238 3262 2665 3337 ecclesiam:
2721 3263 2899 3337 Veni
2951 3282 3212 3357 sponsa

874 3400 1040 3454 mea
1092 3379 1479 3453 odorifera.
1531 3379 1889 3454 Libanum
1942 3380 2139 3455 enim
2177 3387 2286 3455 est
2320 3401 2534 3455 mons
2566 3382 2879 3476 Arabiae,
2917 3382 3044 3455 ubi
3078 3402 3214 3454 na-

872 3498 1100 3573 scitur
1152 3500 1320 3572 thus
1371 3500 1568 3591 quod
1604 3499 1826 3573 etiam
1861 3499 2127 3575 dicitur
2173 3501 2574 3596 olibanum,
2617 3501 2805 3576 sicut
2845 3509 3043 3596 patet
3083 3521 3215 3597 per

873 3618 1354 3712 Bernardum,
1392 3619 1520 3712 qui
1569 3620 1824 3714 pulcre
1875 3620 2123 3696 scribit
2160 3642 2383 3716 super
2425 3621 2647 3695 istum
2691 3622 2961 3696 librum
2994 3612 3107 3715 (‘);
3141 3628 3216 3696 et

873 3737 1121 3812 caeteri
1173 3737 1800 3813 confirmaverunt
1849 3740 2126 3814 dictum
2177 3740 2607 3814 Salomonis
2661 3741 2865 3816 Unde
2913 3741 3124 3816 dicit:
3176 3762 3218 3813 e

871 3861 1021 3932 mm·
1077 3861 1179 3948 qli
1242 3861 1432 3949 altri,
1496 3858 1789 3952 scilicet,
1859 3859 2209 3953 senioreS,
2268 3880 2633 3952 appr-38³0,
2705 3863 3215 3936 clamaverunt

870 3977 1367 4052 cantando.-—
1397 3981 1622 4065 Quali.
1661 3978 1792 4052 Hic
1825 3983 2064 4073 poeta,
2100 3982 2394 4054 ostenso
2429 3980 2626 4073 quod
2661 3979 3006 4054 Salomon
3039 4000 3210 4054 cum

870 4096 1022 4168 suis
1054 4096 1463 4170 senioribus
1496 4095 1910 4171 decantavit
1960 4097 2215 4171 laudes
2247 4117 2554 4192 sponsae,
2592 4098 2985 4173 introducit
3019 4099 3216 4173 mul-

870 4213 1251 4289 titudinem
1325 4215 1760 4311 angelorum
1826 4214 2375 4290 decantantium
2445 4217 2698 4292 laudes
2748 4218 3014 4313 sponsi,
3084 4239 3216 4313 per

1082 4442 1143 4493 E.
1177 4456 1213 4491 a
1238 4448 1422 4507 porto:
1453 4445 1583 4494 utile
1614 4458 1743 4509 ergo
1772 4452 1868 4505 ent.
1900 4450 1957 4497 et
1986 4446 2100 4497 vult
2132 4446 2322 4497 dicore.

1084 4519 1148 4644 ἓ
1181 4518 1463 4569 introducit
1494 4533 1688 4580 senem,
1723 4521 1855 4572 idest
1884 4520 2235 4573 Salomonem.

1180 4593 1981 4657 omniaomina-tanim·-
2229 4596 3102 4661 &Elibrmcnntioorum3d0
