3734 5567
1155 489 1432 546 currus
1482 492 1862 547 vlensmus
1911 493 2241 559 QmN'rth.
2732 484 2868 550 107

526 632 696 708 fato.
750 632 1005 708 Clotho
1040 654 1221 730 ergo
1254 634 1519 709 dicitur
1553 641 1850 730 portare
1889 637 2135 735 colum
2175 657 2347 711 cum
2387 638 2533 711 lino
2571 646 2871 734 propter

523 759 932 828 tortuosam
988 754 1519 830 revolutionem
1558 776 1706 849 qua
1745 756 2187 851 proveniunt
2222 777 2311 831 ea
2347 779 2516 851 quae
2557 758 2870 833 diversae

522 879 811 949 naturae
849 880 1096 948 motus
1137 873 1501 969 importat.
1555 875 1893 950 Lachesis
1925 875 2190 950 dicitur
2225 878 2432 970 quasi
2467 879 2722 952 sortita
2757 877 2868 951 of-

521 993 768 1068 ficium
798 985 898 1087 (¹),
934 999 1016 1066 ut
1049 993 1297 1067 omnia
1330 1013 1556 1087 opera
1592 1001 1667 1068 et
1701 994 2006 1070 effectus
2046 995 2428 1091 suscipiat:
2463 996 2628 1071 ideo
2677 997 2867 1071 bene

520 1113 795 1187 inducit
862 1112 1066 1186 filum
1129 1113 1203 1186 in
1263 1112 1563 1186 fusum:
1617 1118 1928 1209 Atropos
1994 1116 2368 1212 abrumpit
2430 1116 2637 1190 filum
2701 1102 2916 1211 post'

523 1233 721 1327 quod
773 1254 918 1307 non
968 1237 1077 1307 est
1125 1233 1305 1308 dare
1358 1254 1802 1329 regressum.
1840 1234 2289 1328 Adveniente
2333 1236 2555 1331 igitur
2590 1236 2865 1331 Atropo

519 1352 640 1426 illa
673 1352 891 1447 alma,
926 1338 1409 1427 solvesi'dalla
1441 1374 1683 1447 carne,
1725 1374 1899 1429 cum
1939 1375 2087 1449 qua
2121 1356 2360 1451 primo
2398 1363 2562 1430 erat
2613 1357 2855 1452 ligata,

519 1480 586 1546 et
626 1474 704 1546 in
744 1475 1017 1564 virtute,
1052 1472 1255 1567 idest,
1292 1473 1366 1547 in
1400 1473 1722 1569 potentia
1757 1495 1916 1567 sua,
1951 1495 2040 1547 ne
2066 1482 2281 1567 porta
2319 1496 2475 1549 seco
2509 1479 2856 1568 l’ummw,

520 1591 811 1686 scilicet,
861 1593 1351 1689 vegetativam
1408 1601 1482 1668 et
1532 1593 1979 1687 sensitivam,
2019 1615 2057 1666 e
2087 1597 2140 1666 'l
2185 1597 2449 1687 divine,
2486 1595 2691 1689 idest,
2735 1617 2859 1669 ra-

517 1710 864 1785 tionalem
916 1712 1263 1806 animam,
1310 1732 1479 1806 quae
1530 1719 1641 1786 est
1690 1712 1863 1807 quid
1916 1713 2244 1786 divinum
2296 1719 2370 1787 et
2418 1735 2464 1787 a
2515 1714 2669 1787 Deo
2728 1713 2860 1787 da-

518 1837 702 1905 tum.
727 1870 827 1884 -
851 1834 927 1903 L’
952 1834 1152 1904 alere.
1198 1831 1327 1905 Hic
1367 1831 1638 1905 Statius
1677 1832 1991 1906 ostendit
2026 1831 2201 1925 quid
2232 1831 2480 1907 anima
2521 1837 2858 1926 separata

517 1950 828 2024 retineat
881 1970 1158 2044 secum,
1195 1957 1271 2024 et
1311 1950 1485 2043 quid
1522 1972 1689 2025 non.
1725 1953 1815 2027 Et
1852 1950 1947 2025 ad
1987 1950 2528 2047 intelligendam
2566 1952 2855 2026 literam

517 2076 627 2144 est
678 2070 920 2164 primo
970 2069 1399 2163 notandum,
1437 2071 1633 2163 quod
1675 2070 2172 2165 potentiarum
2215 2054 2854 2163 animae'quaedam

518 2197 690 2264 sunt
722 2189 1038 2285 propriae
1077 2191 1446 2285 passiones
1478 2191 1635 2265 sine
1666 2210 2000 2285 corpore,
2037 2190 2224 2264 sicut
2258 2191 2687 2284 intellectus,
2725 2211 2857 2264 vo-

489 2310 780 2403 ‚luntaS,
834 2317 909 2384 et
961 2310 1183 2404 ratio;
1235 2312 1376 2385 alia
1425 2309 1826 2385 accidentia
1885 2317 2056 2384 sunt
2115 2311 2536 2385 communia
2599 2309 2731 2384 sibi
2783 2317 2858 2384 et

518 2429 846 2525 corpori:
898 2436 971 2504 et
1021 2431 1327 2504 istorum
1381 2429 1863 2505 accidentium
1925 2431 2172 2525 aliqua
2221 2432 2459 2526 passio
2516 2442 2628 2508 est
2687 2451 2856 2524 quae

517 2548 760 2645 incipit
807 2549 902 2622 ab
950 2549 1197 2625 anima
1248 2557 1323 2624 et
1373 2550 1710 2645 expletur
1761 2570 1894 2645 per·
1942 2570 2234 2645 corpus,
2292 2550 2481 2625 sicut
2533 2550 2730 2625 visus
2782 2557 2857 2623 et

515 2669 830 2765 auditu8‚
880 2677 953 2746 et
1001 2671 1238 2744 omnis
1288 2691 1543 2745 sensus
1577 2676 1651 2744 et
1690 2671 2089 2765 vegetatio:
2142 2672 2284 2746 alia
2325 2671 2570 2765 incipit
2608 2692 2654 2745 a
2688 2691 2857 2745 cor-

511 2808 693 2884 pore
742 2795 816 2864 et
868 2789 1228 2864 redundat
1277 2789 1370 2863 ad
1419 2789 1771 2879 animam,
1809 2796 1890 2861 ut
1924 2810 2226 2863 somnus
2267 2796 2341 2864 et
2382 2790 2648 2885 vigilia,
2687 2812 2855 2883 quoe

512 2906 759 3004 incipit
807 2909 902 2982 ab
952 2909 1472 3005 evaporatione
1521 2908 1685 3002 cibi,
1720 2919 1795 2985 et
1827 2908 2145 2984 efficitur
2188 2907 2697 3004 ligamentum,
2733 2909 2848 2982 vel

513 3027 779 3102 solutio
830 3028 1188 3103 virtutum
1239 3029 1539 3122 animae3
1593 3035 1666 3102 et
1716 3049 1974 3103 omnes
2013 3028 2188 3103 tales
2224 3028 2592 3123 passiones
2642 3049 2849 3104 com·
2944 3110 2950 3117 ,

512 3166 777 3222 munes
827 3155 1277 3224 evanescunt
1325 3168 1498 3222 cum
1550 3146 1631 3220 fit
1680 3147 2044 3241 separatio
2082 3146 2349 3221 animae
2399 3167 2444 3221 a
2495 3168 2846 3244 corpore3

511 3264 766 3360 primae
817 3286 997 3341 vero
1049 3288 1216 3361 quae
1266 3274 1440 3340 sunt
1490 3266 1804 3361 propriae
1844 3267 2031 3341 fiunt
2071 3266 2449 3342 liberiores
2486 3270 2743 3344 solutae
2770 3260 2847 3362 (²)

509 3387 884 3482 ergastulo
946 3386 1425 3462 amarissimae
1490 3386 1884 3462 servitutis.
1938 3386 2122 3461 Dicit
2189 3405 2371 3483 ergo
2422 3387 2723 3462 Statius:
2777 3395 2852 3464 et

511 3504 628 3579 illa
680 3507 928 3580 anima
978 3507 1329 3582 recedens
1378 3528 1424 3581 a
1475 3526 1786 3601 corpore
1845 3513 2089 3602 portat
2139 3527 2417 3600 secum,
2483 3510 2848 3597 memoria,

510 3633 585 3701 et
631 3627 958 3721 loquitur
1009 3628 1278 3703 Statius
1328 3627 1444 3702 hic
1491 3647 1668 3701 sane
1709 3633 2097 3720 ‘tamquam
2134 3633 2349 3721 poeta
2383 3627 2843 3720 christianu5‚

509 3764 657 3820 non
707 3753 1092 3841 tamquam
1151 3747 1620 3843 philosophus
1679 3768 2049 3843 paganus3
2103 3767 2272 3822 nam
2337 3746 2429 3821 de
2489 3746 2847 3822 memoria

514 3885 658 3941 non
709 3866 999 3942 videtur
1049 3888 1337 3961 verum,
1393 3866 1564 3960 quia
1617 3873 1729 3940 est
1771 3865 2003 3939 virtus
2052 3866 2399 3962 organica
2450 3866 2850 3940 consistens

512 3986 585 4061 iu
637 3988 1020 4083 posteriori
1070 3987 1334 4063 cellula
1384 3968 1712 4079 cerebri3
1765 3985 1894 4059 sed
1943 3985 2348 4060 secundum
2388 3985 2603 4060 fidem
2657 3986 2847 4061 bene

510 4106 721 4203 dicit;
771 4110 1261 4201 intelliqenzia,
1311 4108 1517 4202 idest,
1569 4106 2019 4182 intellectum
2072 4113 2147 4181 et
2198 4106 2579 4201 rationem,
2632 4128 2669 4180 e
2718 4127 2846 4179 vo-

510 4233 791 4323 luntate,
826 4250 995 4324 quae
1045 4236 1155 4305 est
1203 4249 1495 4323 semper
1546 4227 1797 4322 libera,
1833 4230 2045 4301 molto
2074 4222 2197 4320 pii)
2237 4234 2459 4320 acute,
2493 4227 2700 4320 idest,
2735 4227 2848 4300 in-

511 4350 862 4426 tensiores
911 4357 986 4426 et
1035 4349 1646 4442 vehementiores,
1698 4350 1817 4421 che
1869 4351 2138 4442 prima,
2188 4354 2488 4445 propter
2543 4346 2846 4443 impedi-

633 4613 689 4675 (¹)
721 4617 828 4676 11⁷,
860 4613 1122 4665 effectum.
1619 4609 1674 4676 (³)
1707 4612 1768 4664 Ε.
1801 4613 1991 4665 soluto.
