3734 5567
903 492 1045 559 388
1685 500 2092 556 coMEN'rUM
2142 504 2478 556 PARAmsl

893 652 1074 727 dens
1125 671 1205 724 se
1241 647 1732 744 propinquum
1771 646 1991 721 morti
2025 647 2393 721 commisit
2426 646 2570 721 filio
2599 639 2674 738 (¹)
2709 647 2951 721 Tobiae
2986 653 3069 720 ut
3100 637 3241 721 iret

894 773 968 847 in
1021 773 1261 868 Rages
1312 768 1681 843 civitatem
1723 767 2110 841 medorum
2167 767 2259 842 ad
2312 767 2752 864 exigendum
2791 776 3077 841 certum
3112 767 3242 841 de-

891 893 1126 967 bitum
1179 912 1225 965 a
1278 888 1598 984 quodam
1652 887 1974 981 hebraeo,
2009 888 2130 961 cui
2182 908 2453 962 nomen
2506 893 2668 961 erat
2714 886 3057 962 Gabelus.
3094 887 3241 959 An—

892 1012 1103 1110 gelus
1138 1016 1395 1084 autem
1429 1007 1751 1101 Raphael
1785 1007 1859 1079 in
1896 1006 2129 1081 forma
2173 1008 2408 1103 pulcri
2436 999 2512 1100 (²)
2542 1006 2840 1102 juvenis
2879 1027 3233 1102 apparens

892 1130 1195 1206 sociavit
1244 1130 1464 1204 istum
1507 1128 1862 1222 juvenem
1902 1126 2250 1222 fideliter3
2288 1136 2362 1203 et
2403 1128 2478 1201 in
2514 1127 2773 1202 itinere
2812 1127 3024 1202 duxit
3062 1148 3233 1201 eum

892 1252 985 1327 ad
1025 1251 1331 1324 domum
1368 1247 1747 1322 cuiusdam
1783 1247 2130 1342 Raguelis
2166 1247 2299 1322 viri
2337 1248 2612 1321 hebraei
2647 1247 2978 1323 habentis
3012 1247 3228 1321 [iliam

895 1370 1190 1444 nomine
1231 1369 1513 1461 Saram,
1552 1389 1719 1461 quae
1771 1367 2133 1442 habuerat
2183 1375 2462 1463 septem
2506 1369 2723 1462 viroS,
2761 1388 2947 1463 quos
2982 1387 3235 1442 omnes

890 1490 1180 1563 daemon
1226 1493 1617 1562 necaverat
1652 1485 1890 1581 prima
1938 1495 2171 1562 nocte.
2212 1488 2299 1560 Et
2332 1487 2498 1561 fecit
2531 1488 2841 1583 angelus
2890 1486 3229 1581 Raphael,

891 1609 1087 1703 quod
1139 1608 1422 1704 Raguel
1472 1606 1667 1681 dedit
1719 1606 1942 1680 filiam
2005 1607 2079 1680 in
2138 1627 2452 1681 uxorem
2517 1607 2761 1680 Tohiae
2827 1626 2997 1680 cum
3067 1605 3230 1678 dote

890 1749 1199 1826 magna,
1254 1728 1511 1803 deinde
1561 1727 1805 1823 exegit
1854 1726 2184 1800 debitum
2235 1747 2278 1800 a
2329 1727 2629 1819 Gabelo,
2671 1732 2744 1800 et
2789 1724 3078 1798 reduxit
3105 1725 3233 1818 ju-

888 1871 1153 1926 venem
1193 1855 1592 1922 uxoratum
1644 1857 1720 1923 et
1760 1847 2071 1920 ditatum
2110 1848 2450 1943 sospitem
2487 1846 2582 1921 ad
2615 1852 2924 1942 patrem.
2960 1845 3049 1917 Et
3083 1844 3231 1938 ipse

885 1969 1146 2043 Tobias
1197 1967 1387 2040 filius
1437 1966 1716 2063 fugavit
1764 1966 2167 2040 caecitatem
2219 1988 2264 2041 a
2315 1973 2525 2062 patre
2570 1986 2745 2040 cum
2797 1964 2962 2039 felle
3015 1962 3225 2036 unius

890 2090 1122 2185 pisci5‚
1165 2108 1338 2161 cum
1376 2107 1526 2181 quo
1564 2087 1947 2182 fugaverat
1979 2087 2392 2162 daemonem
2429 2088 2525 2162 ab
2560 2107 2815 2160 uxore.
2854 2087 2940 2158 Et
2971 2084 3226 2158 Tobias

888 2214 1096 2303 pater
1125 2206 1303 2281 vixit
1330 2205 1452 2280 diu
1482 2226 1703 2278 sanus
1728 2195 1826 2298 (³),
1863 2211 1939 2279 et
1972 2205 2264 2280 tandem
2296 2213 2636 2281 mortuus
2669 2213 2778 2281 est
2813 2205 2980 2280 felix
3021 2204 3091 2277 in
3126 2202 3230 2277 ci-

888 2327 1112 2401 vitate
1161 2325 1440 2420 Ninive,
1491 2330 1565 2399 et
1616 2324 1950 2420 praedixit
1984 2326 2056 2398 in
2093 2333 2334 2400 morte
2367 2326 2934 2401 destructionem
2976 2324 3229 2397 Ninive

887 2454 961 2521 et
1014 2447 1510 2521 reversionem
1574 2445 2043 2520 hebraeorum
2108 2446 2185 2520 in
2242 2453 2518 2521 terram
2573 2447 2882 2542 Dominj.
2912 2486 3009 2500 -
3043 2449 3225 2534 Quel.

885 2568 1095 2641 Nunc
1145 2567 1439 2641 Beatrix
1490 2573 1828 2641 removet
1878 2587 2179 2641 causam
2235 2568 2510 2642 erroris
2562 2590 2607 2643 a
2658 2569 2914 2662 Dante,
2950 2572 3023 2642 et
3063 2564 3229 2641 dicit

884 2687 1205 2761 breviter
1257 2686 1454 2781 quod
1492 2706 1638 2760 non
1674 2692 1785 2760 est
1819 2686 2056 2761 simile
2089 2687 2181 2761 de
2215 2688 2573 2762 sententia
2607 2687 2924 2762 Platonis
2962 2686 3056 2760 ad
3096 2706 3229 2779 ap-

882 2807 1316 2903 paritionem
1369 2807 1837 2900 umbrarum,
1874 2806 2048 2900 quia
2087 2806 2244 2880 talis
2283 2806 2639 2902 apparitio
2673 2806 2840 2882 ficta
2890 2813 3002 2882 est
3048 2827 3227 2901 poe-

882 2928 1023 3003 tice
1072 2927 1163 3002 ad
1217 2927 1891 3022 repraesentandum
1957 2925 2492 3002 distinctionem
2554 2927 2999 3020 animarum,
3059 2945 3225 3021 quae

883 3048 1262 3121 solvantur
1312 3047 1449 3120 sub
1491 3046 1694 3120 varia
1728 3046 2196 3120 inclinatione
2231 3047 2714 3141 planetarum.
2751 3046 3007 3142 Opinio
3049 3067 3227 3120 vero

882 3165 1200 3239 Platonis
1251 3165 1539 3239 videtur
1591 3165 2014 3259 simpliciter
2066 3167 2255 3240 velle
2304 3167 2503 3261 quod
2553 3168 2820 3241 animae
2863 3167 2937 3240 in
2988 3174 3228 3240 morte

886 3289 1354 3359 revertantur
1403 3283 1495 3358 ad
1547 3283 1790 3358 stellas
1841 3305 2034 3358 suas.
2090 3285 2272 3359 Dicit
2325 3306 2544 3382 ergo:
2589 3289 2760 3375 Quel
2805 3288 2925 3358 che
2970 3290 3223 3375 TimeO,

881 3405 1087 3498 idest,
1130 3404 1415 3478 libellus
1449 3403 1790 3498 Platonis,
1828 3426 2054 3498 quem
2090 3406 2296 3480 Plato
2331 3406 2720 3480 intitulavit
2769 3413 2842 3481 et
2893 3405 3226 3481 denomi-

882 3524 1080 3599 navit
1129 3525 1224 3599 ab
1273 3522 1510 3598 amico
1547 3544 1682 3598 suo
1710 3512 1807 3616 (⁴).
1845 3524 2014 3597 Fuit
2048 3525 2244 3599 enim
2280 3527 2599 3600 Timaeus
2634 3526 2726 3600 de
2759 3525 3051 3600 civitate
3084 3527 3226 3599 Lo-

879 3664 1208 3738 crorum,
1260 3664 1429 3738 quae
1479 3643 1616 3716 fuit
1663 3643 1839 3717 olim
1893 3644 2403 3719 florentissima
2436 3644 2691 3720 civitas
2725 3645 3098 3720 Calabriae.
3135 3644 3224 3717 Et

877 3765 994 3840 hic
1044 3765 1360 3838 Timaeus
1411 3761 1720 3837 obtinuit
1768 3784 2020 3837 arcem
2051 3755 2125 3856 (⁵)
2166 3764 2536 3860 sapientiae
2574 3785 2666 3839 eo
2707 3770 3039 3859 tempore
3072 3783 3220 3856 quo

877 3884 1076 3960 venit
1126 3885 1327 3958 Plato
1380 3884 1451 3956 in
1504 3883 1807 3976 ltaliam,
1860 3889 1945 3956 ut
1996 3883 2245 3958 scribit
2303 3885 2507 3959 Plato
2557 3884 2632 3956 in
2693 3884 2885 3958 dicto
2943 3883 3214 3974 libello;

878 4006 1033 4078 dell'
1063 4008 1293 4078 anime
1326 4010 1767 4093 argomento,
1804 4001 2008 4096 idest,
2045 4003 2291 4099 arguit
2342 4004 2434 4078 de
2484 4003 2908 4078 reversione
2954 4003 3217 4076 animae

874 4124 968 4198 ad
1019 4126 1282 4217 stellas,
1316 4145 1463 4197 non
1511 4116 1552 4195 e*
1594 4126 1812 4197 simile
1861 4144 1912 4195 a
1961 4116 2066 4196 οἱὸ
2118 4126 2239 4196 che
2272 4126 2485 4214 quisi
2524 4127 2716 4217 vede,
2751 4124 2890 4197 sub
2930 4123 3216 4217 umbra,

866 4241 1232 4338 perocclzd,
1283 4265 1474 4317 come
1523 4247 1696 4331 dice,
1741 4265 1888 4338 par
1937 4246 2055 4316 che
2102 4250 2326 4334 senta,
2379 4246 2589 4339 quasi
2648 4244 2875 4319 dicat:
2931 4244 3222 4319 videtur

876 4363 1074 4458 quod
1124 4364 1478 4438 sententia
1528 4364 1845 4438 Platonis
1897 4363 1987 4436 sit
2038 4363 2198 4437 talis
2248 4363 2342 4438 de
2392 4364 2666 4440 virtute
2716 4365 3094 4438 sermonis
3123 4405 3222 4419 —

997 4549 1054 4613 (¹)
1089 4556 1135 4609 6,
1170 4551 1279 4601 filio
1310 4565 1404 4600 suo
1439 4551 1633 4602 Tobiae.
1853 4551 1907 4612 Ρ)
1940 4558 1987 4613 6,
2022 4552 2347 4616 pulcerrimi.
2569 4552 2624 4616 (²)
2657 4552 2719 4602 E.
2753 4556 2978 4602 unctus.

1000 4628 1055 4691 (⁸)
1087 4628 1149 4680 E.
1182 4640 1279 4678 mo
1311 4628 1509 4678 Timaeo
1538 4628 1629 4691 qui
1660 4627 1760 4678 suit
1789 4627 1852 4678 de
1886 4630 2107 4681 civitate.
2562 4629 2621 4691 (¹)
2652 4634 2701 4689 4,
2733 4634 2903 4680 artem
2934 4628 3216 4693 sapientia.
