3734 5567
1319 479 1594 535 CANTUS
1645 480 1986 536 OCTAVUS.
2685 470 2825 535 487

479 636 689 726 satta,
741 628 1033 719 scilicet,
1085 625 1203 700 illa
1252 627 1381 699 lux
1434 626 1622 700 sacta
1670 631 1874 700 tanta
1909 632 1982 700 et
2018 626 2200 718 talis,
2239 632 2502 717 quanta
2548 649 2585 700 e
2625 629 2829 718 quale

488 754 626 825 vid’
650 752 721 822 io
772 751 858 822 lei
900 752 1028 842 far
1067 749 1255 839 piue,
1308 744 1381 817 in
1433 745 1933 842 magnitudine
1982 752 2057 819 et
2107 745 2499 841 luciditate,
2535 768 2667 838 per
2717 750 2828 820 al-

486 875 819 963 leqrezza
852 888 1042 942 nova
1053 894 1083 960 ,·
1120 865 1254 939 ista
1288 865 1533 939 anima
1569 866 1808 940 suerat
1842 867 2010 940 laeta
2045 866 2118 939 in
2161 866 2330 960 vita,
2373 873 2532 940 erat
2553 858 2624 958 (⁴)
2662 868 2830 940 laeta

484 992 559 1065 in
610 991 822 1085 coelo,
874 995 950 1064 et
1007 1007 1206 1061 nunc
1268 986 1484 1061 tertio
1543 987 1732 1061 sacta
1794 994 1906 1061 est
1965 988 2200 1062 laetior
2257 989 2349 1062 ad
2407 988 2827 1084 petitionem

484 1111 810 1204 autoris3
866 1109 1061 1183 unde
1128 1107 1331 1182 dicit:
1399 1110 1518 1180 che
1579 1111 1635 1179 ,ς’
1660 1109 2012 1201 acer-ebbe,
2080 1108 2286 1202 idest,
2357 1109 2830 1205 multiplicata

486 1239 620 1325 est,
673 1233 1014 1324 quand’io
1048 1231 1293 1320 parlai
1331 1230 1467 1301 alle
1499 1230 1895 1319 alleqrezze
1930 1248 2074 1321 sue,
2112 1231 2209 1301 mi
2240 1230 2455 1301 disse:
2489 1232 2546 1301 il
2574 1232 2832 1303 mondo

485 1356 575 1425 m'
602 1352 761 1423 ebbe
806 1346 927 1442 92'1‘1
955 1370 1135 1442 poco
1170 1357 1394 1441 tempo
1412 1375 1444 1442 ,·
1480 1349 1686 1443 quasi
1730 1349 1957 1423 dicat:
2006 1370 2270 1443 parum
2310 1350 2456 1423 vixi
2491 1350 2565 1424 in
2606 1358 2827 1445 terra,

484 1493 547 1560 e,
597 1493 673 1544 se
714 1467 838 1564 pia)
883 1475 1072 1565 fosse
1119 1478 1323 1564 stato,
1377 1469 1582 1563 idest,
1617 1469 1677 1542 si
1719 1469 1991 1543 diutius
2026 1471 2394 1563 vixissem,
2430 1478 2505 1544 et
2538 1491 2834 1546 succes·-

487 1592 742 1665 sissem
798 1590 982 1687 patri
1026 1611 1220 1684 meo,
1257 1589 1444 1666 sicut
1494 1590 1587 1663 de
1628 1591 1803 1685 jure
1837 1590 2220 1684 debebam,
2267 1593 2478 1663 molto
2528 1582 2707 1663 sard
2759 1594 2836 1664 di

487 1714 634 1784 mal
697 1714 814 1784 che
870 1733 1015 1784 non
1063 1712 1375 1802 sarebbe,
1448 1710 1620 1804 quia
1688 1711 1950 1784 melius
2010 1711 2535 1807 gubernassem
2604 1732 2834 1807 regna

489 1852 653 1906 mea
724 1831 1174 1925 liberalitate,
1246 1851 1489 1936 quam,
1540 1830 1908 1904 Robertus
1970 1850 2106 1904 sua
2173 1831 2588 1926 cupiditate,
2658 1854 2830 1907 cum

488 1957 638 2026 tota
692 1951 1038 2046 sapientia
1093 1972 1249 2045 sua,
1304 1951 1432 2044 qui
1483 1951 1792 2025 exclusit
1852 1950 2082 2024 filium
2150 1972 2398 2026 meum
2463 1975 2507 2026 a
2580 1973 2834 2049 regno,

490 2079 571 2146 ut
622 2078 872 2167 postea
924 2071 1208 2145 dicitur.
1239 2075 1466 2143 —La
1518 2074 1680 2144 mia.
1737 2071 1866 2144 Hic
1901 2071 2206 2145 Carolus
2242 2092 2601 2146 excusans
2637 2073 2835 2147 Dan-

489 2198 636 2265 tem
704 2212 938 2284 quare
1002 2212 1148 2265 nou
1214 2191 1668 2288 recognoscit
1709 2182 1782 2283 (²)
1858 2210 2057 2285 eum,
2126 2192 2537 2265 manifestat
2604 2212 2685 2267 se
2743 2194 2838 2267 ab

487 2331 744 2385 amore
795 2312 1117 2406 pristino,
1173 2312 1459 2385 dicens:
1516 2316 1616 2383 La
1680 2313 1824 2383 mia
1888 2313 2143 2403 letizia,
2220 2331 2387 2403 quae
2446 2311 2836 2386 coniuncta

489 2450 661 2504 cum
714 2432 880 2504 luce
934 2431 1168 2505 reddit
1219 2451 1342 2506 me
1392 2431 1923 2526 pulcerrimum
1980 2431 2171 2505 ultra
2215 2431 2516 2505 modum
2567 2433 2832 2506 huma-

493 2570 697 2643 num,
751 2554 847 2623 mi
896 2554 946 2624 ti
994 2555 1129 2623 tien.
1177 2554 1425 2643 celate,
1457 2551 1662 2644 idest,
1699 2551 2151 2648 incognitum
2189 2551 2337 2644 tibi,
2374 2554 2493 2624 che
2527 2555 2625 2623 mi
2653 2573 2833 2643 ray-

489 2672 611 2760 9ia
660 2673 1063 2762 d’intornO,
1117 2670 1319 2764 idest,
1376 2670 1689 2768 refulget
1739 2670 2019 2744 lumine
2060 2670 2328 2763 divino,
2371 2670 2559 2743 sicut
2609 2692 2833 2765 supra

489 2789 774 2863 dicebat
800 2780 873 2882 (³)
929 2790 1283 2865 Picbarda
1319 2790 1410 2864 de
1452 2811 1532 2865 se
1583 2790 1655 2863 in
1707 2810 1921 2885 spera
1965 2791 2183 2885 lunae,
2219 2811 2257 2861 e
2307 2793 2402 2862 mi
2449 2794 2829 2882 nasconde,

490 2933 535 2987 a
585 2912 820 3005 simili,
874 2916 1077 3003 quasi
1126 2914 1400 2985 animal
1444 2914 1521 2984 di
1565 2932 1698 2984 sua
1746 2918 1895 2984 seta
1928 2915 2230 3006 fasciato
2244 2938 2275 3004 ;
2310 2911 2498 2985 sicut
2530 2920 2727 3007 patet
2762 2913 2836 2984 in

494 3034 869 3107 vermibus
904 3033 1335 3108 facientibus
1370 3032 1718 3125 sericum,
1759 3053 2082 3126 quorum
2121 3033 2356 3106 forma
2394 3032 2682 3107 sassiata
2718 3052 2836 3107 se-

496 3153 646 3226 rico
697 3174 843 3227 non
895 3158 1217 3247 apparet,
1271 3152 1368 3225 ita
1421 3157 1495 3225 et
1545 3151 1790 3224 anima
1833 3152 2073 3226 velata
2109 3151 2389 3225 lumine
2421 3141 2493 3243 (⁴)
2542 3172 2687 3225 non
2729 3152 2839 3226 vi-

491 3273 727 3348 detur.
783 3275 870 3347 Et
923 3282 1005 3347 ut
1049 3274 1351 3348 reducat
1386 3295 1559 3348 eum
1599 3274 1671 3346 in
1707 3272 2196 3368 cognitionem
2235 3272 2345 3346 sui
2386 3280 2836 3347 rememorat

493 3392 625 3468 sibi
660 3394 1239 3468 benevolentiam
1279 3394 1591 3488 primam
1623 3393 2037 3466 inchoatam
2076 3393 2148 3464 in
2187 3398 2409 3486 terra,
2439 3413 2605 3486 quae
2641 3413 2836 3466 nunc

493 3513 864 3607 perficitur
914 3514 987 3587 in
1040 3513 1249 3607 coe10,
1276 3514 1560 3587 dicens:
1614 3515 1810 3585 assai
1850 3516 1940 3585 m'
1968 3516 2245 3603 amasti,
2283 3518 2357 3586 et
2398 3533 2441 3586 e
2482 3532 2839 3586 converso

493 3652 631 3728 ego
682 3638 754 3706 te
804 3633 1070 3725 amavi,
1126 3633 1297 3726 quia
1349 3633 1668 3706 amicitia
1728 3640 1838 3706 est
1897 3652 2111 3706 amor
2173 3638 2478 3706 mutuus
2531 3632 2840 3706 manife-

493 3758 689 3844 stus,
743 3750 940 3824 unde
988 3751 1194 3824 dicit:
1248 3758 1314 3823 et
1358 3755 1576 3825 avesti
1608 3754 1773 3825 bene
1811 3754 2018 3842 onde,
2078 3752 2287 3845 quasi
2326 3751 2555 3825 dicat:
2594 3758 2667 3825 et
2709 3752 2840 3826 ba-

489 3871 705 3946 buisti
758 3872 947 3946 bene
1002 3871 1383 3945 materiam
1438 3880 1513 3946 et
1563 3893 1861 3946 causam
1930 3871 2222 3946 amandi
2288 3892 2431 3966 me,
2493 3875 2637 3963 che,
2687 3875 2840 3944 s’io

485 3995 660 4086 fossi
719 3988 838 4084 qiz'c
905 3998 1112 4082 stato,
1178 3991 1450 4065 diutius
1511 3991 1583 4065 in
1646 3992 1814 4085 vita,
1880 3995 1952 4064 io
2019 3995 2069 4064 ti
2133 3999 2496 4064 mostrava
2559 3993 2634 4064 di
2699 3994 2838 4064 mio

494 4132 762 4202 amore,
816 4112 940 4206 qui
994 4118 1156 4186 erat
1207 4111 1280 4184 in
1334 4108 1706 4206 flore,·pi1'c
1769 4115 1945 4183 oltre
2002 4114 2121 4183 clze
2181 4114 2241 4183 le
2296 4112 2583 4205 fronde,
2635 4111 2838 4204 idest,

496 4250 760 4305 verum
815 4232 1160 4307 fructum.
1190 4274 1290 4287 —
1323 4236 1582 4321 Ouella.
1640 4233 1850 4306 Nunc
1902 4232 2231 4325 CaroluS,
2283 4237 2670 4327 postquam
2712 4230 2841 4304 de-

494 4350 776 4445 scripsit
826 4371 907 4425 se
955 4374 1000 4426 a
1052 4354 1325 4428 virtute
1374 4353 1623 4446 animi,
1678 4352 2020 4427 describit
2069 4373 2149 4426 se
2212 4353 2306 4427 ab
2365 4351 2842 4447 amplitudine

614 4535 672 4598 (¹)
706 4536 765 4585 E.
799 4542 911 4586 erat
943 4537 1102 4587 etiam
1137 4538 1273 4587 laeta.
1858 4538 1915 4601 (³)
1947 4543 1993 4598 4,
2029 4539 2311 4603 cognoscit.

618 4611 675 4674 (⁸)
707 4612 768 4663 E.
803 4612 1007 4664 dicebat
1037 4613 1127 4664 ina
1160 4614 1426 4666 Picbarda.
1863 4615 1918 4678 (⁸)
1952 4620 1998 4677 4,
2033 4616 2086 4665 in
2118 4616 2334 4667 lumine.
