3734 5567
1013 479 1156 545 426
1793 486 2202 541 comEN'ruu
2249 486 2583 539 rAnAmsl

923 685 929 696 -
1012 636 1316 726 honore,
1367 632 1460 706 de
1510 637 1724 705 nocte
1773 630 2116 704 omnibus
2167 629 2413 725 sopitis
2445 629 2725 704 ardens
2763 649 3056 704 amore
3106 629 3378 704 intravit

1010 753 1103 828 ad
1137 752 1552 826 Lucretiam
1601 751 2087 825 dormientem
2142 761 2316 824 cum
2358 749 2600 845 gladio
2647 749 2730 822 in
2791 769 3086 843 manu3
3123 756 3197 824 et
3226 749 3376 824 bre-

1012 875 1200 950 viter
1249 894 1423 948 cum
1476 893 1623 946 non
1675 877 1918 965 posset
1969 870 2212 945 verbis
2260 890 2694 966 expugnare
2735 869 3192 964 pudicitiam
3233 890 3377 942 mu-

1009 994 1226 1087 lieriS,
1260 992 1576 1065 minatus
1609 996 1720 1065 est
1753 1010 1833 1065 se
1855 990 2285 1086 jugulatum
2321 1010 2624 1064 servum
2668 991 2990 1064 nudum
3035 1009 3213 1063 cum
3247 988 3374 1082 ipsa

1001 1113 1341 1209 Jugulata
1368 1103 1443 1202 (¹)
1494 1129 1791 1205 ponere,
1839 1116 1922 1183 ut
1971 1109 2045 1182 in
2100 1109 2294 1204 turpi
2344 1109 2707 1183 adulterio
2768 1115 3060 1183 necata
3113 1108 3374 1182 dicere·

1012 1240 1175 1325 tur3
1226 1252 1374 1326 quo
1413 1230 1676 1304 timore
1721 1230 2035 1304 obtinuit
2058 1221 2130 1322 (²)
2171 1230 2371 1323 quod
2404 1230 2723 1323 optabat.
2768 1229 3143 1304 Lucretia
3180 1227 3374 1301 tristis

1010 1353 1251 1428 statim
1288 1371 1421 1446 per
1453 1351 1793 1424 nuntium
1846 1350 2122 1424 vocatis
2172 1355 2405 1444 patre,
2442 1350 2736 1443 marito,
2776 1350 3038 1424 Bruto
3072 1356 3150 1424 et
3183 1349 3374 1422 Vale-

1013 1474 1146 1567 ri0,
1173 1472 1352 1546 dixit
1378 1472 1699 1545 breviter
1734 1470 1934 1564 quod
1958 1491 2225 1565 corpus
2259 1470 2613 1544 violatum
2649 1477 2826 1545 erat
2872 1492 3035 1544 non
3077 1470 3369 1559 animuS,

1013 1599 1086 1667 et
1127 1592 1324 1686 quod
1376 1590 1435 1664 si
1486 1610 1571 1665 se
1615 1590 2038 1664 absolvebat
2077 1610 2123 1662 a
2158 1590 2396 1683 culpa,
2432 1610 2579 1663 non
2628 1578 2900 1664 tamen
2938 1608 2987 1663 a
3028 1609 3275 1684 poena3
3308 1594 3370 1661 et

1010 1713 1357 1787 continuo
1407 1710 1730 1806 gladium
1764 1700 1838 1802 (³)
1888 1708 2139 1784 defixit
2172 1709 2246 1782 in
2281 1729 2431 1783 cor.
2469 1710 2758 1782 Mortua
2798 1710 3168 1784 Lucretia
3202 1709 3367 1779 Bru-

1011 1841 1131 1908 tus
1165 1837 1463 1925 accepto
1486 1830 1725 1926 gladio
1761 1829 2166 1925 sanguineo
2188 1817 2263 1921 (⁴)
2301 1828 2730 1903 mirabiliter
2769 1830 3108 1905 retraxit
3135 1846 3364 1902 omnes

1009 1973 1055 2025 a
1089 1952 1382 2046 planctu
1423 1949 1515 2023 ad
1551 1949 1987 2042 vindictam3
2023 1948 2221 2022 unde
2255 1948 2446 2022 facto
2490 1948 2823 2021 tumultu
2880 1947 3220 2024 Collatiae
3254 1965 3365 2019 ve-

1010 2073 1117 2146 nit
1163 2073 1499 2162 Romam,
1553 2068 1678 2142 ubi
1743 2076 2148 2143 convocato
2201 2069 2472 2163 populo
2500 2060 2602 2162 (⁵),
2666 2070 3039 2144 excitavit
3101 2067 3362 2142 animos

1011 2188 1344 2263 omnium
1399 2187 1472 2259 in
1522 2186 1770 2259 odium
1840 2188 2033 2282 regis
2096 2191 2170 2260 et
2230 2186 2573 2281 filiorum,
2636 2194 2711 2261 et
2760 2187 2974 2264 facto
3033 2184 3359 2274 tumultu,

1011 2306 1379 2398 Tarquinii
1431 2304 1691 2400 privati
1751 2311 1923 2378 sunt
1981 2325 2233 2401 regno.
2296 2307 2454 2380 Rex
2514 2307 2610 2380 ab
2669 2309 3025 2394 exercitu
3079 2303 3358 2380 veniens
3413 2335 3424 2346 ·

1011 2427 1322 2500 Romam
1381 2424 1677 2520 reperiit
1725 2431 1974 2520 portas
2026 2427 2347 2520 clausas3
2392 2427 2663 2501 Brutus
2714 2449 2853 2523 per
2910 2428 3142 2503 aliam
3180 2425 3350 2497 viam

1009 2544 1341 2641 pervenit
1374 2544 1466 2618 ad
1518 2545 1928 2619 exercitum
1966 2566 2190 2639 quem
2230 2546 2520 2620 reduxit
2569 2547 2661 2620 ad
2714 2548 3048 2623 Romam
3108 2545 3354 2619 libera-

1009 2673 1162 2741 tam
1212 2685 1258 2737 a
1305 2685 1386 2739 se
1435 2685 1689 2739 amara
1737 2665 2113 2748 servitute.
2158 2666 2369 2739 Nunc
2409 2673 2519 2740 est
2565 2666 3042 2741 redeundum
3080 2664 3174 2739 ad
3207 2662 3348 2735 lite-

1011 2807 1217 2860 ram:
1280 2785 1450 2860 dicit
1515 2785 1963 2860 Justinianus
2012 2785 2267 2859 Danti:
2330 2791 2396 2858 E
2438 2789 2550 2858 sai
2607 2790 2764 2882 quel
2810 2791 2941 2861 che
3004 2790 3131 2881 se’,
3197 2777 3346 2856 illud

1007 2907 1297 3003 signum
1350 2907 1639 2999 aquilae,
1689 2910 1817 2979 dal
1847 2909 1996 2978 mal
2024 2909 2197 2979 delle
2229 2907 2501 2979 Sabine.
2539 2907 2669 2981 Hic
2722 2914 2900 2983 nota
2957 2905 3163 3002 quod
3209 2905 3342 2976 Au-

1006 3026 1341 3122 gustinus
1367 3026 1459 3100 de
1484 3026 1791 3101 Civitate
1820 3027 1950 3101 Dei
1979 3027 2278 3100 damnat
2317 3029 2456 3101 boc
2490 3027 2800 3121 factum3
2833 3036 3093 3104 tamen
3129 3043 3337 3101 excu-

1005 3146 1151 3218 sari
1210 3166 1422 3240 posse
1489 3146 1799 3241 videtur,
1853 3147 2027 3240 quia
2092 3167 2186 3221 ex
2253 3147 2689 3223 necessitate
2754 3148 3038 3225 factum
3108 3153 3236 3238 est,
3283 3146 3346 3214 et

1006 3263 1180 3356 quia
1238 3264 1511 3337 sabinae
1578 3286 1721 3339 non
1787 3266 1880 3339 ad
1939 3266 2408 3360 adulterium,
2461 3267 2588 3341 sed
2646 3268 2739 3341 ad
2793 3263 3338 3344 matrimonium

1006 3389 1233 3477 raptae
1282 3390 1475 3476 sunt,
1528 3387 1607 3456 al
1648 3386 1857 3457 dolor
1907 3388 1983 3458 di
2029 3390 2387 3459 Lucrezia.
2425 3388 2514 3460 Et
2564 3388 2681 3461 bic
2733 3396 2905 3463 nota
2965 3386 3164 3483 quod
3203 3383 3338 3455 Au-

1005 3501 1340 3599 gustinus
1373 3494 1445 3595 (⁶)
1492 3503 1617 3577 ubi
1669 3526 1893 3599 supra
1929 3507 2397 3580 commendat
2447 3508 2863 3582 Lucretiam
2900 3532 2950 3584 a
2987 3500 3334 3603 pudicitia,

1003 3629 1078 3696 et
1127 3623 1373 3717 culpat
1422 3623 1517 3697 ab
1569 3623 1953 3718 occisione,
2007 3626 2180 3718 quia
2231 3626 2556 3700 alienum
2603 3627 2888 3702 crimen
2943 3623 3224 3724 punivit
3270 3617 3333 3689 in

1005 3763 1085 3817 se
1135 3743 1552 3818 innocente:
1605 3745 1927 3841 assignat
1978 3751 2225 3820 tamen
2276 3767 2574 3821 causam
2629 3768 2866 3841 quare
2907 3770 2993 3824 se
3054 3737 3334 3819 interse-

1126 3917 1180 3977 (¹)
1213 3915 1272 3965 Ε.
1298 3915 1535 3979 jugulata
1568 3929 1725 3978 penes
1758 3930 1970 3979 ponere.

1125 3989 1181 4053 (²)
1216 3992 1275 4041 E.
1310 3994 1447 4041 idem
1488 3993 1671 4043 Sextus
1702 3994 1926 4044 obtinuit
1969 3994 2108 4056 quod
2151 3994 2377 4055 optabat.
2418 3995 2542 4044 Post
2575 3995 2676 4045 hoc
2709 3996 2951 4045 Lucretia
2989 3995 3148 4045 tristis
3176 3987 3326 4039 statim

1001 4080 1096 4129 per
1115 4070 1357 4118 nuntium
1379 4072 1570 4120 vocatis
1592 4075 1736 4132 patre
1767 4077 1820 4121 et
1840 4071 2045 4129 marite,
2067 4071 2230 4121 Bruto
2252 4072 2450 4121 scilicet
2469 4077 2522 4121 et
2543 4071 2772 4132 Valerio,
2794 4073 3024 4122 breviter
3043 4074 3156 4135 post
3175 4060 3328 4116 omni⁸

1000 4144 1126 4193 dixit
1157 4146 1233 4193 eis
1262 4148 1402 4208 quod
1435 4160 1625 4208 corpus
1657 4146 1907 4197 violatum
1931 4146 2109 4196 ‘fuerat
2141 4152 2194 4197 et
2225 4160 2329 4196 non
2362 4150 2579 4197 animus.

1126 4218 1180 4279 t‘)
1213 4220 1273 4269 E.
1309 4221 1510 4271 sibimet
1543 4223 1787 4285 gladium.
2312 4222 2367 4284 (⁸)
2403 4223 2464 4273 E.
2496 4225 2777 4288 sanguineo
2809 4225 2993 4275 eodem
3027 4214 3324 4274 mirabiliter.

1126 4292 1183 4354 (⁸)
1215 4293 1277 4343 E.
1310 4297 1517 4357 populo.
1535 4299 1634 4347 boc
1653 4297 1886 4348 facinore
1905 4296 2146 4346 excitavit
2167 4297 2366 4346 animos
2387 4298 2623 4348 omnium
2645 4300 2695 4348 in
2718 4301 2897 4350 odium
2922 4294 3182 4362 Tarquinii
3205 4286 3325 4350 regis

1000 4371 1202 4419 romani
1225 4376 1277 4418 ct
1299 4370 1558 4433 filiorum
1590 4381 1644 4423 et
1668 4374 1814 4424 ‘sacto
1846 4372 2094 4432 tumultu,
2120 4374 2385 4436 Tarquinii
2407 4374 2501 4438 ipsi
2522 4390 2703 4426 omnes
2723 4391 2885 4441 regno
2908 4375 3092 4440 privati
3113 4366 3321 4421 suerunt·

999 4445 1123 4494 Post
1144 4458 1261 4508 quae
1288 4459 1381 4495 rex
1406 4448 1512 4508 ipse
1533 4449 1847 4511 Tarquinius
1869 4449 2080 4499 veniens
2100 4450 2164 4500 ab
2186 4452 2415 4501 exercitu
2439 4452 2659 4502 Romam
2686 4456 2898 4517 reperiit
2919 4461 3091 4517 portas
3115 4448 3317 4498 clausas:

997 4521 1195 4571 Brutus
1227 4533 1351 4569 vero
1385 4535 1476 4583 per
1508 4523 1663 4572 aliam
1696 4524 1833 4572 viam
1865 4525 2100 4586 pervenit
2131 4526 2196 4575 ad
2226 4528 2514 4577 exercitum
2546 4542 2705 4591 quem
2736 4530 2945 4579 reduxit
2977 4529 3213 4578 Romam·

1125 4598 1180 4661 (⁸)
1212 4598 1276 4649 Ε.
1308 4599 1555 4662 praefatus
1587 4600 1929 4663 Augustinus.
