3734 5567
1099 520 1379 575 CANTus
1428 520 1811 574 vmnsmus
1859 520 2144 575 Primus,
2696 508 2782 574 19

437 665 901 760 intellectivo,
939 663 1112 759 quia
1154 670 1333 737 tunc
1371 663 1535 759 plus
1584 670 1937 757 operatur
1972 663 2046 737 in
2082 664 2186 738 eis
2221 663 2456 737 virtus
2497 683 2785 737 eorum.

438 787 499 861 N
504 807 648 861 unc
706 786 801 859 ad
859 785 1201 879 literam3
1254 782 1424 857 dicit
1474 788 1733 879 poeta:
1795 789 2036 872 Queste
2084 786 2364 876 parole,
2416 782 2605 857 dicta
2657 802 2789 878 per

439 905 779 1001 Statium,
821 908 1053 979 volser
1094 907 1380 995 Viryilio
1422 925 1470 976 a
1512 925 1620 976 me
1653 924 1788 977 con
1823 907 1972 977 viso
2021 905 2142 977 che
2194 906 2511 994 tacendo,
2561 904 2789 978 amic-

441 1027 672 1102 cando
696 1020 795 1121 (⁴),
830 1029 1065 1100 dicea:
1105 1027 1266 1114 laci,
1301 1023 1594 1117 scilicet,
1630 1044 1801 1098 cum
1846 1031 2034 1098 nutu
2072 1023 2301 1098 faciei.
2354 1025 2443 1097 Et
2491 1024 2662 1099 dicit
2692 1022 2788 1098 ad

443 1147 989 1222 excusationem
1045 1165 1302 1238 suam3
1341 1165 1459 1216 ma
1511 1148 1584 1218 la
1631 1140 1826 1218 vertit
1866 1147 1985 1217 che
2019 1148 2240 1237 vuole,
2282 1144 2486 1237 idest,
2523 1146 2788 1219 volun-

442 1274 554 1341 tas
606 1268 725 1342 vel
773 1267 1131 1363 appetitus
1182 1265 1686 1360 intellectivuS,
1736 1287 1883 1339 non
1929 1258 2072 1357 pud
2116 1271 2313 1357 tuuc,
2346 1287 2570 1360 supra
2619 1287 2789 1361 pas-

444 1387 768 1462 sionem:
821 1393 897 1461 et
944 1386 1264 1483 assignat
1316 1384 1676 1459 rationem
1709 1375 1781 1476 (¹)
1836 1405 2010 1458 cum
2063 1385 2342 1459 subdit:
2386 1377 2511 1459 che*
2551 1389 2702 1459 riso
2752 1408 2791 1459 e

437 1510 714 1601 piarem,
766 1506 891 1601 qui
942 1513 1113 1580 sunt
1160 1504 1531 1600 passiones
1581 1503 1869 1597 animae,
1909 1524 2041 1576 son
2090 1512 2282 1577 tanto
2331 1508 2609 1598 sequaci
2641 1509 2790 1579 alla

441 1629 759 1720 passion,
821 1625 1028 1718 idest,
1093 1624 1344 1699 virtuti
1413 1622 1976 1718 concupiscibili,
2044 1625 2144 1696 da
2209 1626 2330 1697 che
2385 1627 2667 1698 ciascun
2727 1627 2791 1697 si

443 1747 703 1839 spicea,
736 1745 939 1838 idest,
976 1743 1438 1836 exciduntur,
1473 1745 1594 1815 che
1643 1764 1801 1815 men
1847 1763 2110 1834 sequon
2157 1746 2375 1835 voler,
2410 1744 2617 1837 idest,
2654 1764 2792 1818 vo-

448 1865 829 1958 luntatem,
882 1866 997 1936 nei
1040 1858 1170 1955 pia)
1236 1865 1495 1953 veraci,
1546 1861 1752 1957 idest,
1807 1862 2029 1936 etiam
2081 1861 2154 1935 in
2207 1862 2787 1957 sapientioribuS,

450 1984 622 2079 quia
665 1982 884 2057 etiam
922 1982 1119 2058 viros
1153 1982 1514 2077 sapientes
1566 1988 1642 2055 et
1681 1980 2039 2055 veridicos
2079 1987 2367 2076 oportet
2398 1981 2793 2075 aliquando

450 2103 692 2177 ridere
742 2109 817 2177 et
864 2104 1158 2197 plorare
1192 2101 1436 2196 invite,
1472 2100 1883 2175 secundum
1927 2100 2248 2174 laetitiam
2303 2108 2376 2176 et
2427 2102 2793 2176 tristitiam

452 2222 721 2317 quibus
770 2223 1211 2299 afficiuntur.
1243 2262 1342 2276 —
1366 2226 1468 2294 Ιο.
1523 2221 1653 2295 Hic
1701 2228 1918 2316 poeta
1978 2222 2288 2296 ostendit
2348 2222 2664 2314 qualiter
2715 2242 2795 2297 se

455 2349 744 2417 tacente
794 2362 967 2416 cum
1003 2341 1278 2439 lingua,
1321 2341 1614 2415 locutus
1663 2340 1800 2413 fuit
1848 2360 2021 2415 cum
2065 2340 2267 2435 visu3
2305 2361 2398 2416 ex
2434 2362 2584 2435 quo
2636 2341 2798 2416 Sta-

456 2461 601 2536 tius
650 2461 1061 2556 suspicione
1110 2466 1318 2555 capta
1369 2458 1734 2534 adiuravit
1785 2479 1961 2533 eum
2015 2466 2100 2533 ut
2156 2459 2433 2535 diceret
2492 2481 2798 2536 causam

456 2581 570 2656 sui
625 2582 834 2656 risus.
891 2580 1070 2654 Dicit
1121 2600 1342 2677 ergo:
1396 2584 1478 2652 Io
1522 2601 1667 2671 pur
1700 2582 1981 2671 sorrisi,
2016 2600 2208 2653 come
2246 2583 2291 2653 ι’
2315 2602 2478 2654 uom
2521 2585 2624 2654 ch’
2643 2603 2801 2656 am-

454 2707 698 2794 mv’oea,
751 2701 956 2796 idest,
1007 2700 1135 2795 qui
1185 2699 1479 2774 inclinat
1529 2699 1790 2774 faciem
1841 2700 2296 2774 connivendo
2324 2691 2398 2792 (³)
2441 2702 2554 2776 vel
2591 2703 2802 2775 affir-

458 2822 727 2897 mando
776 2820 1086 2916 aliquid:
1129 2816 1391 2913 perche*
1435 2822 1480 2892 τ’
1504 2822 1779 2912 ombra,
1833 2819 2125 2913 scilicet,
2162 2819 2388 2914 Statii,
2448 2824 2512 2894 si
2561 2829 2803 2913 tacque

391 2966 397 2969 ’
456 2963 496 3014 e
532 2943 1048 3032 riquardommi
1079 2942 1265 3031 neyli
1297 2942 1511 3030 occlti,
1546 2960 1674 3012 ove
1697 2941 1749 3012 ’l
1792 2939 2168 3012 sembiante
2194 2934 2318 3032 pii:
2366 2943 2431 3012 si
2473 2942 2669 3031 ficca.
2716 2940 2804 3013 Et

456 3060 657 3155 ponit
707 3060 1130 3154 petitionem
1183 3058 1343 3133 eius
1392 3058 1676 3133 dicens:
1731 3061 1938 3149 disse,
1990 3058 2109 3134 ille
2156 3058 2450 3152 StatiuS,
2487 3061 2654 3132 dela!
2688 3059 2799 3133 lo-

464 3179 716 3272 quitur
779 3179 1263 3254 admirative:
1323 3174 1580 3272 perche*
1637 3182 1711 3252 la
1765 3181 2000 3271 faccia
2068 3186 2213 3269 tua,
2275 3200 2442 3274 quae
2511 3178 2804 3254 videtur

460 3297 637 3372 mihi
692 3298 919 3394 rigida
973 3300 1298 3392 honesta,
1341 3300 1849 3370 dimostrommi
1897 3319 1992 3371 un
2044 3301 2485 3390 lampeyqiar
2531 3301 2607 3372 di
2656 3302 2807 3373 riso

465 3426 729 3511 testeso,
793 3419 998 3513 idest,
1057 3438 1256 3492 nunc
1315 3438 1534 3511 nunc,
1585 3440 1660 3491 se
1723 3421 2057 3492 assommi
2113 3427 2306 3493 tanto
2374 3424 2626 3493 lavoro
2693 3422 2809 3493 in-

465 3545 700 3611 seme?
738 3537 959 3625 Quasi
992 3535 1217 3611 dicat:
1261 3536 1320 3609 si
1355 3537 1550 3611 Deus
1583 3537 1706 3611 det
1751 3537 1877 3611 tibi
1917 3544 2194 3614 tantam
2230 3539 2572 3634 gratiam,
2609 3539 2809 3633 quod

467 3656 774 3732 feliciter
820 3656 1153 3752 perficias
1206 3663 1357 3731 tam
1410 3647 1858 3730 laboriosum
1914 3677 2122 3752 opuS,
2176 3656 2276 3731 ita
2340 3657 2539 3752 quod
2588 3657 2813 3732 simul

470 3782 705 3850 totum
771 3779 1182 3872 aggreges?
1235 3776 1317 3849 Et
1374 3783 1592 3870 poeta
1642 3775 1903 3851 deinde
1962 3777 2294 3872 loquitur
2364 3784 2438 3852 et
2501 3779 2813 3852 ostendit

466 3917 678 3971 suam
732 3896 1285 3991 perplexitatem
1351 3916 1443 3970 ex
1506 3895 1878 3970 contrario
1939 3903 2112 3971 voto
2177 3898 2498 3972 duorum
2560 3903 2814 3993 poeta-

470 4036 664 4111 rum,
706 4015 879 4109 quia
915 4022 1277 4110 praecepto
1315 4016 1531 4089 unius
1567 4036 1713 4090 non
1745 4021 2030 4110 poterat
2065 4017 2455 4112 contraire,
2492 4023 2568 4092 et
2605 4017 2817 4092 adiu-

469 4135 730 4212 rationi
782 4135 1085 4210 alterius
1119 4156 1268 4210 non
1298 4137 1637 4212 audebat.
1676 4137 1883 4211 Unde
1916 4136 2123 4212 dicit:
2171 4142 2275 4211 Or
2313 4159 2445 4211 son
2484 4142 2554 4213 io
2587 4142 2816 4214 d'una

460 4261 671 4348 parte
701 4277 740 4328 e
771 4256 841 4328 d’
860 4258 1050 4329 altra
1075 4277 1332 4349 proso,-
1384 4257 1593 4350 quasi
1636 4256 1866 4331 dicat:
1905 4256 2106 4352 loqui
2139 4258 2556 4354 prohibeor,
2593 4266 2669 4334 et
2702 4266 2815 4335 ta-

468 4394 644 4449 cere
693 4394 840 4448 non
888 4395 1237 4470 possum:
1275 4377 1320 4447 τ’
1344 4396 1518 4468 una,
1553 4376 1845 4471 scilicet,
1882 4375 2245 4472 Virgilius,
2299 4382 2398 4452 mi
2436 4384 2518 4475 sa
2559 4388 2812 4474 tacere,

596 4631 655 4697 (¹)
685 4632 746 4685 R.
779 4635 1055 4687 annuncio.
1169 4633 1226 4699 (³)
1260 4640 1368 4698 11⁷,
1402 4650 1611 4688 cauum
1641 4635 1856 4689 radonis
1887 4650 2011 4688 cum
2041 4637 2232 4689 subdit.
2344 4637 2400 4701 (⁸)
2430 4637 2491 4690 R.
2523 4638 2814 4691 annuendo.
