<?xml version="1.0" encoding="UTF-8"?>
<!DOCTYPE html PUBLIC "-//W3C//DTD XHTML 1.0 Transitional//EN"
    "http://www.w3.org/TR/xhtml1/DTD/xhtml1-transitional.dtd">
<html xmlns="http://www.w3.org/1999/xhtml" xml:lang="en" lang="en">
 <head>
  <title>
</title>
<meta http-equiv="Content-Type" content="text/html;charset=utf-8" />
  <meta name='ocr-system' content='tesseract 3.04.00' />
  <meta name='ocr-capabilities' content='ocr_page ocr_carea ocr_par ocr_line ocrx_word'/>
</head>
<body>
  <div class='ocr_page' id='page_1' title='image "benevenutideram02lacagoog_0372.png"; bbox 0 0 3734 5567; ppageno 0'>
   <div class='ocr_carea' id='block_1_1' title="bbox 828 495 2400 564">
    <p class='ocr_par' dir='ltr' id='par_1_1' title="bbox 828 495 2400 564">
     <span class='ocr_line' id='line_1_1' title="bbox 828 495 2400 564; baseline -0.003 -1"><span class='ocrx_word' id='word_1_1' title='bbox 828 495 970 564; x_wconf 81' lang='lat'><strong>362</strong></span> <span class='ocrx_word' id='word_1_2' title='bbox 1608 504 2018 561; x_wconf 70' lang='grc' dir='ltr'>εοΜΕΝΤυΜ</span> <span class='ocrx_word' id='word_1_3' title='bbox 2068 506 2400 560; x_wconf 71' lang='lat' dir='ltr'><strong>PAnAmsl</strong></span> 
     </span>
    </p>
   </div>
   <div class='ocr_carea' id='block_1_2' title="bbox 810 650 3171 2184">
    <p class='ocr_par' dir='ltr' id='par_1_2' title="bbox 810 650 3171 2184">
     <span class='ocr_line' id='line_1_2' title="bbox 823 650 3171 728; baseline 0.001 -2"><span class='ocrx_word' id='word_1_4' title='bbox 823 654 1085 727; x_wconf 91' lang='lat' dir='ltr'><strong>melius</strong></span> <span class='ocrx_word' id='word_1_5' title='bbox 1120 658 1332 726; x_wconf 86' lang='lat' dir='ltr'><strong>vocat</strong></span> <span class='ocrx_word' id='word_1_6' title='bbox 1366 650 1774 725; x_wconf 87' lang='lat' dir='ltr'><strong>Beatricem</strong></span> <span class='ocrx_word' id='word_1_7' title='bbox 1811 651 2039 725; x_wconf 90' lang='lat' dir='ltr'><strong>solem</strong></span> <span class='ocrx_word' id='word_1_8' title='bbox 2076 650 2608 724; x_wconf 78' lang='lat' dir='ltr'><strong>illuminantem</strong></span> <span class='ocrx_word' id='word_1_9' title='bbox 2647 658 2971 726; x_wconf 80' lang='lat' dir='ltr'><strong>mentem</strong></span> <span class='ocrx_word' id='word_1_10' title='bbox 3011 653 3171 728; x_wconf 89' lang='lat' dir='ltr'><strong>eius</strong></span> 
     </span>
     <span class='ocr_line' id='line_1_3' title="bbox 819 762 3165 864; baseline 0.001 -18"><span class='ocrx_word' id='word_1_11' title='bbox 819 772 1011 846; x_wconf 88' lang='lat' dir='ltr'><strong>circa</strong></span> <span class='ocrx_word' id='word_1_12' title='bbox 1063 771 1344 864; x_wconf 83' lang='lat' dir='ltr'><strong>divina3</strong></span> <span class='ocrx_word' id='word_1_13' title='bbox 1396 773 1516 843; x_wconf 73' lang='lat' dir='ltr'><strong>che</strong></span> <span class='ocrx_word' id='word_1_14' title='bbox 1555 773 1725 863; x_wconf 76' lang='lat' dir='ltr'><strong>pria</strong></span> <span class='ocrx_word' id='word_1_15' title='bbox 1775 773 1874 843; x_wconf 80' lang='lat' dir='ltr'><strong>mi</strong></span> <span class='ocrx_word' id='word_1_16' title='bbox 1918 762 2161 844; x_wconf 74' lang='lat' dir='ltr'><strong>scaldo</strong></span> <span class='ocrx_word' id='word_1_17' title='bbox 2209 773 2266 843; x_wconf 86' lang='lat' dir='ltr'><strong>il</strong></span> <span class='ocrx_word' id='word_1_18' title='bbox 2306 778 2490 862; x_wconf 81' lang='lat' dir='ltr'><strong>pecto</strong></span> <span class='ocrx_word' id='word_1_19' title='bbox 2547 773 2616 844; x_wconf 81' lang='lat' dir='ltr'><strong>d’</strong></span> <span class='ocrx_word' id='word_1_20' title='bbox 2631 791 2904 862; x_wconf 83' lang='lat' dir='ltr'><strong>amore,</strong></span> <span class='ocrx_word' id='word_1_21' title='bbox 2959 772 3165 864; x_wconf 86' lang='lat' dir='ltr'><strong>idest,</strong></span> 
     </span>
     <span class='ocr_line' id='line_1_4' title="bbox 820 890 3164 985; baseline 0.002 -22"><span class='ocrx_word' id='word_1_22' title='bbox 820 912 986 985; x_wconf 87' lang='lat' dir='ltr'><strong>quae</strong></span> <span class='ocrx_word' id='word_1_23' title='bbox 1037 891 1276 985; x_wconf 89' lang='lat' dir='ltr'><strong>primo</strong></span> <span class='ocrx_word' id='word_1_24' title='bbox 1325 891 1689 964; x_wconf 89' lang='lat' dir='ltr'><strong>amoravit</strong></span> <span class='ocrx_word' id='word_1_25' title='bbox 1737 911 1868 964; x_wconf 91' lang='lat' dir='ltr'><strong>cor</strong></span> <span class='ocrx_word' id='word_1_26' title='bbox 1912 911 2169 964; x_wconf 89' lang='lat' dir='ltr'><strong>meum</strong></span> <span class='ocrx_word' id='word_1_27' title='bbox 2205 890 2619 984; x_wconf 80' lang='lat' dir='ltr'><strong>carnaliter,</strong></span> <span class='ocrx_word' id='word_1_28' title='bbox 2656 891 2919 967; x_wconf 91' lang='lat' dir='ltr'><strong>deinde</strong></span> <span class='ocrx_word' id='word_1_29' title='bbox 2957 914 3164 968; x_wconf 90' lang='lat' dir='ltr'><strong>men-</strong></span> 
     </span>
     <span class='ocr_line' id='line_1_5' title="bbox 817 1011 3168 1106; baseline 0.001 -20"><span class='ocrx_word' id='word_1_30' title='bbox 817 1013 1082 1104; x_wconf 83' lang='lat' dir='ltr'><strong>taliter,</strong></span> <span class='ocrx_word' id='word_1_31' title='bbox 1133 1012 1321 1085; x_wconf 88' lang='lat' dir='ltr'><strong>sicut</strong></span> <span class='ocrx_word' id='word_1_32' title='bbox 1373 1030 1567 1105; x_wconf 85' lang='lat' dir='ltr'><strong>saepe</strong></span> <span class='ocrx_word' id='word_1_33' title='bbox 1616 1017 1993 1085; x_wconf 89' lang='lat' dir='ltr'><strong>ostensum</strong></span> <span class='ocrx_word' id='word_1_34' title='bbox 2059 1017 2169 1085; x_wconf 86' lang='lat' dir='ltr'><strong>est</strong></span> <span class='ocrx_word' id='word_1_35' title='bbox 2232 1011 2308 1084; x_wconf 90' lang='lat' dir='ltr'><strong>in</strong></span> <span class='ocrx_word' id='word_1_36' title='bbox 2367 1011 2719 1106; x_wconf 88' lang='lat' dir='ltr'><strong>principio</strong></span> <span class='ocrx_word' id='word_1_37' title='bbox 2782 1013 3044 1088; x_wconf 87' lang='lat' dir='ltr'><strong>inferni</strong></span> <span class='ocrx_word' id='word_1_38' title='bbox 3094 1021 3168 1088; x_wconf 90' lang='lat' dir='ltr'><strong>et</strong></span> 
     </span>
     <span class='ocr_line' id='line_1_6' title="bbox 818 1131 3163 1229; baseline 0.001 -24"><span class='ocrx_word' id='word_1_39' title='bbox 818 1132 893 1206; x_wconf 92' lang='lat' dir='ltr'><strong>in</strong></span> <span class='ocrx_word' id='word_1_40' title='bbox 944 1131 1089 1206; x_wconf 88' lang='lat' dir='ltr'><strong>fine</strong></span> <span class='ocrx_word' id='word_1_41' title='bbox 1139 1131 1562 1227; x_wconf 86' lang='lat' dir='ltr'><strong>purgatorii,</strong></span> <span class='ocrx_word' id='word_1_42' title='bbox 1599 1134 1689 1203; x_wconf 86' lang='lat' dir='ltr'><strong>m&#39;</strong></span> <span class='ocrx_word' id='word_1_43' title='bbox 1717 1152 1898 1204; x_wconf 85' lang='lat' dir='ltr'><strong>avea</strong></span> <span class='ocrx_word' id='word_1_44' title='bbox 1929 1137 2245 1224; x_wconf 67' lang='lat' dir='ltr'><strong>scopet-to</strong></span> <span class='ocrx_word' id='word_1_45' title='bbox 2286 1133 2344 1204; x_wconf 82' lang='lat' dir='ltr'><strong>il</strong></span> <span class='ocrx_word' id='word_1_46' title='bbox 2387 1134 2581 1205; x_wconf 80' lang='lat' dir='ltr'><strong>dolce</strong></span> <span class='ocrx_word' id='word_1_47' title='bbox 2626 1141 2915 1225; x_wconf 78' lang='lat' dir='ltr'><strong>aspecto,</strong></span> <span class='ocrx_word' id='word_1_48' title='bbox 2958 1134 3163 1229; x_wconf 90' lang='lat' dir='ltr'><strong>idest,</strong></span> 
     </span>
     <span class='ocr_line' id='line_1_7' title="bbox 822 1250 3161 1346; baseline 0 -22"><span class='ocrx_word' id='word_1_49' title='bbox 822 1252 1411 1325; x_wconf 85' lang='lat' dir='ltr'><strong>manifestaverat</strong></span> <span class='ocrx_word' id='word_1_50' title='bbox 1448 1250 1621 1323; x_wconf 90' lang='lat' dir='ltr'><strong>mihi</strong></span> <span class='ocrx_word' id='word_1_51' title='bbox 1656 1257 1945 1346; x_wconf 86' lang='lat' dir='ltr'><strong>gratam</strong></span> <span class='ocrx_word' id='word_1_52' title='bbox 1984 1250 2504 1345; x_wconf 85' lang='lat' dir='ltr'><strong>inspectionem</strong></span> <span class='ocrx_word' id='word_1_53' title='bbox 2551 1251 2746 1325; x_wconf 90' lang='lat' dir='ltr'><strong>circa</strong></span> <span class='ocrx_word' id='word_1_54' title='bbox 2792 1255 3161 1327; x_wconf 86' lang='lat' dir='ltr'><strong>maculam</strong></span> 
     </span>
     <span class='ocr_line' id='line_1_8' title="bbox 819 1360 3165 1464; baseline 0.001 -21"><span class='ocrx_word' id='word_1_55' title='bbox 819 1371 1036 1463; x_wconf 87' lang='lat' dir='ltr'><strong>lunae,</strong></span> <span class='ocrx_word' id='word_1_56' title='bbox 1088 1373 1164 1443; x_wconf 82' lang='lat' dir='ltr'><strong>di</strong></span> <span class='ocrx_word' id='word_1_57' title='bbox 1221 1370 1397 1443; x_wconf 85' lang='lat' dir='ltr'><strong>bella</strong></span> <span class='ocrx_word' id='word_1_58' title='bbox 1457 1360 1703 1460; x_wconf 56' lang='lat' dir='ltr'><strong>verim,</strong></span> <span class='ocrx_word' id='word_1_59' title='bbox 1753 1371 1945 1444; x_wconf 87' lang='lat' dir='ltr'><strong>bene</strong></span> <span class='ocrx_word' id='word_1_60' title='bbox 2003 1369 2196 1463; x_wconf 92' lang='lat' dir='ltr'><strong>dicit,</strong></span> <span class='ocrx_word' id='word_1_61' title='bbox 2265 1370 2438 1463; x_wconf 88' lang='lat' dir='ltr'><strong>quia</strong></span> <span class='ocrx_word' id='word_1_62' title='bbox 2500 1370 2754 1464; x_wconf 88' lang='lat' dir='ltr'><strong>pulcra</strong></span> <span class='ocrx_word' id='word_1_63' title='bbox 2805 1373 3165 1446; x_wconf 87' lang='lat' dir='ltr'><strong>subtiliter</strong></span> 
     </span>
     <span class='ocr_line' id='line_1_9' title="bbox 818 1489 3160 1587; baseline 0 -23"><span class='ocrx_word' id='word_1_64' title='bbox 818 1489 997 1564; x_wconf 83' lang='lat' dir='ltr'><strong>dixit</strong></span> <span class='ocrx_word' id='word_1_65' title='bbox 1047 1490 1236 1563; x_wconf 88' lang='lat' dir='ltr'><strong>circa</strong></span> <span class='ocrx_word' id='word_1_66' title='bbox 1304 1489 1514 1564; x_wconf 89' lang='lat' dir='ltr'><strong>istam</strong></span> <span class='ocrx_word' id='word_1_67' title='bbox 1571 1489 1955 1564; x_wconf 89' lang='lat' dir='ltr'><strong>materiam</strong></span> <span class='ocrx_word' id='word_1_68' title='bbox 2024 1489 2117 1563; x_wconf 89' lang='lat' dir='ltr'><strong>ad</strong></span> <span class='ocrx_word' id='word_1_69' title='bbox 2177 1489 2685 1564; x_wconf 87' lang='lat' dir='ltr'><strong>elucidandam</strong></span> <span class='ocrx_word' id='word_1_70' title='bbox 2747 1493 3160 1587; x_wconf 84' lang='lat' dir='ltr'><strong>veritatem,</strong></span> 
     </span>
     <span class='ocr_line' id='line_1_10' title="bbox 810 1608 3163 1704; baseline 0.003 -23"><span class='ocrx_word' id='word_1_71' title='bbox 810 1611 1185 1702; x_wconf 82' lang='lat' dir='ltr'><strong>provando</strong></span> <span class='ocrx_word' id='word_1_72' title='bbox 1234 1631 1271 1681; x_wconf 94' lang='lat' dir='ltr'><strong>e</strong></span> <span class='ocrx_word' id='word_1_73' title='bbox 1317 1611 1782 1702; x_wconf 82' lang='lat' dir='ltr'><strong>riprovando,</strong></span> <span class='ocrx_word' id='word_1_74' title='bbox 1824 1608 2039 1703; x_wconf 89' lang='lat' dir='ltr'><strong>idest‚.</strong></span> <span class='ocrx_word' id='word_1_75' title='bbox 2064 1629 2384 1704; x_wconf 85' lang='lat' dir='ltr'><strong>arguens</strong></span> <span class='ocrx_word' id='word_1_76' title='bbox 2438 1630 2571 1704; x_wconf 91' lang='lat' dir='ltr'><strong>pro</strong></span> <span class='ocrx_word' id='word_1_77' title='bbox 2623 1617 2697 1685; x_wconf 91' lang='lat' dir='ltr'><strong>et</strong></span> <span class='ocrx_word' id='word_1_78' title='bbox 2748 1618 3029 1704; x_wconf 87' lang='lat' dir='ltr'><strong>contra,</strong></span> <span class='ocrx_word' id='word_1_79' title='bbox 3079 1619 3163 1687; x_wconf 92' lang='lat' dir='ltr'><strong>ut</strong></span> 
     </span>
     <span class='ocr_line' id='line_1_11' title="bbox 815 1729 3163 1825; baseline 0.003 -22"><span class='ocrx_word' id='word_1_80' title='bbox 815 1731 1045 1825; x_wconf 90' lang='lat' dir='ltr'><strong>patuit</strong></span> <span class='ocrx_word' id='word_1_81' title='bbox 1097 1730 1166 1802; x_wconf 93' lang='lat' dir='ltr'><strong>in</strong></span> <span class='ocrx_word' id='word_1_82' title='bbox 1220 1729 1654 1824; x_wconf 71' lang='lat' dir='ltr'><strong>praecedenti</strong></span> <span class='ocrx_word' id='word_1_83' title='bbox 1691 1729 2032 1825; x_wconf 89' lang='lat' dir='ltr'><strong>capitulo.</strong></span> <span class='ocrx_word' id='word_1_84' title='bbox 2060 1770 2159 1783; x_wconf 91' lang='lat'>—</span> <span class='ocrx_word' id='word_1_85' title='bbox 2187 1735 2275 1802; x_wconf 84' lang='lat' dir='ltr'><strong>Et</strong></span> <span class='ocrx_word' id='word_1_86' title='bbox 2301 1732 2393 1803; x_wconf 83' lang='lat' dir='ltr'><strong>iO.</strong></span> <span class='ocrx_word' id='word_1_87' title='bbox 2429 1729 2561 1805; x_wconf 90' lang='lat' dir='ltr'><strong>Hic</strong></span> <span class='ocrx_word' id='word_1_88' title='bbox 2605 1730 2873 1806; x_wconf 89' lang='lat' dir='ltr'><strong>Dantes</strong></span> <span class='ocrx_word' id='word_1_89' title='bbox 2908 1734 3163 1809; x_wconf 86' lang='lat' dir='ltr'><strong>volens</strong></span> 
     </span>
     <span class='ocr_line' id='line_1_12' title="bbox 815 1849 3163 1946; baseline 0.003 -24"><span class='ocrx_word' id='word_1_90' title='bbox 815 1849 1091 1925; x_wconf 89' lang='lat' dir='ltr'><strong>intrare</strong></span> <span class='ocrx_word' id='word_1_91' title='bbox 1141 1871 1408 1925; x_wconf 91' lang='lat' dir='ltr'><strong>novam</strong></span> <span class='ocrx_word' id='word_1_92' title='bbox 1454 1851 1839 1925; x_wconf 88' lang='lat' dir='ltr'><strong>materiam</strong></span> <span class='ocrx_word' id='word_1_93' title='bbox 1884 1851 2301 1924; x_wconf 89' lang='lat' dir='ltr'><strong>animarum</strong></span> <span class='ocrx_word' id='word_1_94' title='bbox 2341 1850 2545 1946; x_wconf 85' lang='lat' dir='ltr'><strong>fingit</strong></span> <span class='ocrx_word' id='word_1_95' title='bbox 2588 1871 2668 1925; x_wconf 91' lang='lat' dir='ltr'><strong>se</strong></span> <span class='ocrx_word' id='word_1_96' title='bbox 2720 1851 2945 1927; x_wconf 87' lang='lat' dir='ltr'><strong>fuisse</strong></span> <span class='ocrx_word' id='word_1_97' title='bbox 2995 1854 3163 1928; x_wconf 89' lang='lat' dir='ltr'><strong>abs-</strong></span> 
     </span>
     <span class='ocr_line' id='line_1_13' title="bbox 815 1969 3162 2066; baseline 0.002 -24"><span class='ocrx_word' id='word_1_98' title='bbox 815 1975 1135 2045; x_wconf 88' lang='lat' dir='ltr'><strong>tractum</strong></span> <span class='ocrx_word' id='word_1_99' title='bbox 1186 1971 1636 2066; x_wconf 89' lang='lat' dir='ltr'><strong>apparitione</strong></span> <span class='ocrx_word' id='word_1_100' title='bbox 1688 1990 1975 2064; x_wconf 90' lang='lat' dir='ltr'><strong>earum,</strong></span> <span class='ocrx_word' id='word_1_101' title='bbox 2011 1969 2187 2043; x_wconf 90' lang='lat' dir='ltr'><strong>dum</strong></span> <span class='ocrx_word' id='word_1_102' title='bbox 2226 1976 2523 2064; x_wconf 90' lang='lat' dir='ltr'><strong>pararet</strong></span> <span class='ocrx_word' id='word_1_103' title='bbox 2564 1970 2808 2044; x_wconf 90' lang='lat' dir='ltr'><strong>dicere</strong></span> <span class='ocrx_word' id='word_1_104' title='bbox 2849 1972 3162 2047; x_wconf 89' lang='lat' dir='ltr'><strong>Beatrici</strong></span> 
     </span>
     <span class='ocr_line' id='line_1_14' title="bbox 816 2090 3158 2184; baseline 0.002 -21"><span class='ocrx_word' id='word_1_105' title='bbox 816 2091 1012 2183; x_wconf 88' lang='lat' dir='ltr'><strong>quod</strong></span> <span class='ocrx_word' id='word_1_106' title='bbox 1065 2097 1224 2164; x_wconf 89' lang='lat' dir='ltr'><strong>erat</strong></span> <span class='ocrx_word' id='word_1_107' title='bbox 1275 2090 1508 2164; x_wconf 82' lang='lat' dir='ltr'><strong>factus</strong></span> <span class='ocrx_word' id='word_1_108' title='bbox 1558 2097 1805 2165; x_wconf 88' lang='lat' dir='ltr'><strong>certus</strong></span> <span class='ocrx_word' id='word_1_109' title='bbox 1872 2090 1966 2165; x_wconf 90' lang='lat' dir='ltr'><strong>de</strong></span> <span class='ocrx_word' id='word_1_110' title='bbox 2022 2090 2216 2164; x_wconf 90' lang='lat' dir='ltr'><strong>dicta</strong></span> <span class='ocrx_word' id='word_1_111' title='bbox 2274 2090 2633 2184; x_wconf 84' lang='lat' dir='ltr'><strong>veritate3</strong></span> <span class='ocrx_word' id='word_1_112' title='bbox 2696 2091 2892 2166; x_wconf 92' lang='lat' dir='ltr'><strong>unde</strong></span> <span class='ocrx_word' id='word_1_113' title='bbox 2942 2092 3158 2167; x_wconf 90' lang='lat' dir='ltr'><strong>dicit:</strong></span> 
     </span>
    </p>
   </div>
   <div class='ocr_carea' id='block_1_3' title="bbox 803 2209 3160 4464">
    <p class='ocr_par' dir='ltr' id='par_1_3' title="bbox 803 2209 3160 4464">
     <span class='ocr_line' id='line_1_15' title="bbox 817 2209 3158 2305; baseline 0.002 -24"><span class='ocrx_word' id='word_1_114' title='bbox 817 2214 905 2281; x_wconf 84' lang='lat' dir='ltr'><strong>Et</strong></span> <span class='ocrx_word' id='word_1_115' title='bbox 948 2212 1019 2281; x_wconf 85' lang='lat' dir='ltr'><strong>io</strong></span> <span class='ocrx_word' id='word_1_116' title='bbox 1072 2211 1252 2283; x_wconf 83' lang='lat' dir='ltr'><strong>levai</strong></span> <span class='ocrx_word' id='word_1_117' title='bbox 1299 2213 1368 2282; x_wconf 85' lang='lat' dir='ltr'><strong>lo</strong></span> <span class='ocrx_word' id='word_1_118' title='bbox 1419 2230 1622 2301; x_wconf 85' lang='lat' dir='ltr'><strong>capo,</strong></span> <span class='ocrx_word' id='word_1_119' title='bbox 1662 2209 1782 2282; x_wconf 89' lang='lat' dir='ltr'><strong>ubi</strong></span> <span class='ocrx_word' id='word_1_120' title='bbox 1819 2210 2061 2305; x_wconf 91' lang='lat' dir='ltr'><strong>primo</strong></span> <span class='ocrx_word' id='word_1_121' title='bbox 2096 2212 2394 2285; x_wconf 90' lang='lat' dir='ltr'><strong>tenebat</strong></span> <span class='ocrx_word' id='word_1_122' title='bbox 2428 2212 2668 2285; x_wconf 89' lang='lat' dir='ltr'><strong>visum</strong></span> <span class='ocrx_word' id='word_1_123' title='bbox 2706 2211 3029 2286; x_wconf 82' lang='lat' dir='ltr'><strong>defixum</strong></span> <span class='ocrx_word' id='word_1_124' title='bbox 3085 2213 3158 2286; x_wconf 91' lang='lat' dir='ltr'><strong>in</strong></span> 
     </span>
     <span class='ocr_line' id='line_1_16' title="bbox 819 2324 3159 2424; baseline 0.002 -25"><span class='ocrx_word' id='word_1_125' title='bbox 819 2327 1225 2402; x_wconf 91' lang='lat' dir='ltr'><strong>Beatricem</strong></span> <span class='ocrx_word' id='word_1_126' title='bbox 1265 2328 1687 2403; x_wconf 89' lang='lat' dir='ltr'><strong>auscultans</strong></span> <span class='ocrx_word' id='word_1_127' title='bbox 1729 2334 2007 2403; x_wconf 87' lang='lat' dir='ltr'><strong>attente</strong></span> <span class='ocrx_word' id='word_1_128' title='bbox 2058 2350 2227 2423; x_wconf 85' lang='lat' dir='ltr'><strong>quae</strong></span> <span class='ocrx_word' id='word_1_129' title='bbox 2250 2324 2321 2421; x_wconf 78' lang='lat'><strong>(¹)</strong></span> <span class='ocrx_word' id='word_1_130' title='bbox 2353 2330 2661 2424; x_wconf 89' lang='lat' dir='ltr'><strong>dicebat,</strong></span> <span class='ocrx_word' id='word_1_131' title='bbox 2689 2350 2883 2403; x_wconf 91' lang='lat' dir='ltr'><strong>nunc</strong></span> <span class='ocrx_word' id='word_1_132' title='bbox 2924 2330 3159 2405; x_wconf 81' lang='lat' dir='ltr'><strong>erexit</strong></span> 
     </span>
     <span class='ocr_line' id='line_1_17' title="bbox 815 2444 3155 2543; baseline 0 -20"><span class='ocrx_word' id='word_1_133' title='bbox 815 2454 1054 2543; x_wconf 89' lang='lat' dir='ltr'><strong>caput,</strong></span> <span class='ocrx_word' id='word_1_134' title='bbox 1085 2444 1208 2541; x_wconf 57' lang='lat' dir='ltr'><strong>pist</strong></span> <span class='ocrx_word' id='word_1_135' title='bbox 1256 2455 1432 2539; x_wconf 80' lang='lat' dir='ltr'><strong>erto,</strong></span> <span class='ocrx_word' id='word_1_136' title='bbox 1470 2449 1672 2542; x_wconf 92' lang='lat' dir='ltr'><strong>idest,</strong></span> <span class='ocrx_word' id='word_1_137' title='bbox 1714 2448 1956 2543; x_wconf 82' lang='lat' dir='ltr'><strong>altiuS,</strong></span> <span class='ocrx_word' id='word_1_138' title='bbox 1994 2455 2186 2522; x_wconf 81' lang='lat' dir='ltr'><strong>tanto</strong></span> <span class='ocrx_word' id='word_1_139' title='bbox 2222 2456 2482 2540; x_wconf 81' lang='lat' dir='ltr'><strong>quanto</strong></span> <span class='ocrx_word' id='word_1_140' title='bbox 2517 2452 2581 2522; x_wconf 81' lang='lat' dir='ltr'><strong>si</strong></span> <span class='ocrx_word' id='word_1_141' title='bbox 2618 2471 2994 2541; x_wconf 72' lang='lat' dir='ltr'><strong>convenae,</strong></span> <span class='ocrx_word' id='word_1_142' title='bbox 3031 2450 3155 2525; x_wconf 89' lang='lat' dir='ltr'><strong>tali</strong></span> 
     </span>
     <span class='ocr_line' id='line_1_18' title="bbox 817 2568 3159 2664; baseline 0 -23"><span class='ocrx_word' id='word_1_143' title='bbox 817 2568 1168 2664; x_wconf 86' lang='lat' dir='ltr'><strong>materiae,</strong></span> <span class='ocrx_word' id='word_1_144' title='bbox 1221 2589 1270 2641; x_wconf 87' lang='lat' dir='ltr'><strong><em>a</em></strong></span> <span class='ocrx_word' id='word_1_145' title='bbox 1312 2572 1655 2663; x_wconf 72' lang='lat' dir='ltr'><strong>prosem&#39;r,</strong></span> <span class='ocrx_word' id='word_1_146' title='bbox 1706 2569 1911 2663; x_wconf 91' lang='lat' dir='ltr'><strong>idest,</strong></span> <span class='ocrx_word' id='word_1_147' title='bbox 1966 2569 2058 2644; x_wconf 91' lang='lat' dir='ltr'><strong>ad</strong></span> <span class='ocrx_word' id='word_1_148' title='bbox 2110 2569 2586 2663; x_wconf 89' lang='lat' dir='ltr'><strong>loquendum,</strong></span> <span class='ocrx_word' id='word_1_149' title='bbox 2620 2591 2757 2663; x_wconf 83' lang='lat' dir='ltr'><strong>per</strong></span> <span class='ocrx_word' id='word_1_150' title='bbox 2797 2574 3159 2664; x_wconf 82' lang='lat' dir='ltr'><strong>consessor</strong></span> 
     </span>
     <span class='ocr_line' id='line_1_19' title="bbox 813 2689 3155 2785; baseline 0.001 -23"><span class='ocrx_word' id='word_1_151' title='bbox 813 2709 922 2762; x_wconf 90' lang='lat' dir='ltr'><strong>me</strong></span> <span class='ocrx_word' id='word_1_152' title='bbox 967 2697 1210 2780; x_wconf 81' lang='lat' dir='ltr'><strong>stesso,</strong></span> <span class='ocrx_word' id='word_1_153' title='bbox 1261 2690 1539 2785; x_wconf 83' lang='lat' dir='ltr'><strong>supple,</strong></span> <span class='ocrx_word' id='word_1_154' title='bbox 1592 2709 1775 2783; x_wconf 89' lang='lat' dir='ltr'><strong>esse,</strong></span> <span class='ocrx_word' id='word_1_155' title='bbox 1828 2696 2155 2783; x_wconf 76' lang='lat' dir='ltr'><strong>correcto,</strong></span> <span class='ocrx_word' id='word_1_156' title='bbox 2213 2689 2504 2783; x_wconf 88' lang='lat' dir='ltr'><strong>scilicet,</strong></span> <span class='ocrx_word' id='word_1_157' title='bbox 2541 2689 2635 2764; x_wconf 98' lang='lat' dir='ltr'><strong>de</strong></span> <span class='ocrx_word' id='word_1_158' title='bbox 2669 2711 2927 2765; x_wconf 90' lang='lat' dir='ltr'><strong>errore</strong></span> <span class='ocrx_word' id='word_1_159' title='bbox 2966 2711 3155 2785; x_wconf 82' lang='lat' dir='ltr'><strong>mec,</strong></span> 
     </span>
     <span class='ocr_line' id='line_1_20' title="bbox 810 2808 3160 2905; baseline 0.002 -23"><span class='ocrx_word' id='word_1_160' title='bbox 810 2808 870 2882; x_wconf 92' lang='lat' dir='ltr'><strong>si</strong></span> <span class='ocrx_word' id='word_1_161' title='bbox 921 2816 1170 2885; x_wconf 91' lang='lat' dir='ltr'><strong>tamen</strong></span> <span class='ocrx_word' id='word_1_162' title='bbox 1220 2831 1434 2886; x_wconf 90' lang='lat' dir='ltr'><strong>error</strong></span> <span class='ocrx_word' id='word_1_163' title='bbox 1485 2816 1684 2903; x_wconf 73' lang='lat' dir='ltr'><strong>erat,</strong></span> <span class='ocrx_word' id='word_1_164' title='bbox 1726 2830 1896 2883; x_wconf 90' lang='lat' dir='ltr'><strong>nam</strong></span> <span class='ocrx_word' id='word_1_165' title='bbox 1942 2809 2183 2904; x_wconf 90' lang='lat' dir='ltr'><strong>primo</strong></span> <span class='ocrx_word' id='word_1_166' title='bbox 2217 2809 2533 2883; x_wconf 88' lang='lat' dir='ltr'><strong>habebat</strong></span> <span class='ocrx_word' id='word_1_167' title='bbox 2574 2810 2989 2905; x_wconf 90' lang='lat' dir='ltr'><strong>opinionem</strong></span> <span class='ocrx_word' id='word_1_168' title='bbox 3031 2832 3160 2886; x_wconf 86' lang='lat' dir='ltr'><strong>ve·</strong></span> 
     </span>
     <span class='ocr_line' id='line_1_21' title="bbox 809 2928 3156 3025; baseline 0.002 -23"><span class='ocrx_word' id='word_1_169' title='bbox 809 2949 995 3024; x_wconf 89' lang='lat' dir='ltr'><strong>ram,</strong></span> <span class='ocrx_word' id='word_1_170' title='bbox 1050 2952 1277 3024; x_wconf 89' lang='lat' dir='ltr'><strong>quam</strong></span> <span class='ocrx_word' id='word_1_171' title='bbox 1340 2937 1590 3005; x_wconf 91' lang='lat' dir='ltr'><strong>tamen</strong></span> <span class='ocrx_word' id='word_1_172' title='bbox 1657 2929 1973 3004; x_wconf 87' lang='lat' dir='ltr'><strong>mutavit</strong></span> <span class='ocrx_word' id='word_1_173' title='bbox 2036 2929 2209 3023; x_wconf 87' lang='lat' dir='ltr'><strong>quia</strong></span> <span class='ocrx_word' id='word_1_174' title='bbox 2261 2928 2417 3003; x_wconf 87' lang='lat' dir='ltr'><strong>visa</strong></span> <span class='ocrx_word' id='word_1_175' title='bbox 2475 2935 2588 3004; x_wconf 91' lang='lat' dir='ltr'><strong>est</strong></span> <span class='ocrx_word' id='word_1_176' title='bbox 2637 2930 2768 3003; x_wconf 89' lang='lat' dir='ltr'><strong>sihi</strong></span> <span class='ocrx_word' id='word_1_177' title='bbox 2822 2951 3156 3025; x_wconf 89' lang='lat' dir='ltr'><strong>erronea,</strong></span> 
     </span>
     <span class='ocr_line' id='line_1_22' title="bbox 804 3048 3154 3144; baseline 0.001 -24"><span class='ocrx_word' id='word_1_178' title='bbox 804 3069 843 3120; x_wconf 88' lang='lat' dir='ltr'><strong>e</strong></span> <span class='ocrx_word' id='word_1_179' title='bbox 892 3057 1106 3140; x_wconf 82' lang='lat' dir='ltr'><strong>certo,</strong></span> <span class='ocrx_word' id='word_1_180' title='bbox 1161 3051 1364 3144; x_wconf 89' lang='lat' dir='ltr'><strong>idest,</strong></span> <span class='ocrx_word' id='word_1_181' title='bbox 1417 3049 1895 3125; x_wconf 89' lang='lat' dir='ltr'><strong>certioratum</strong></span> <span class='ocrx_word' id='word_1_182' title='bbox 1949 3055 2023 3123; x_wconf 86' lang='lat' dir='ltr'><strong>et</strong></span> <span class='ocrx_word' id='word_1_183' title='bbox 2072 3048 2524 3122; x_wconf 86' lang='lat' dir='ltr'><strong>declaratum</strong></span> <span class='ocrx_word' id='word_1_184' title='bbox 2579 3048 2672 3123; x_wconf 91' lang='lat' dir='ltr'><strong>de</strong></span> <span class='ocrx_word' id='word_1_185' title='bbox 2721 3048 2910 3123; x_wconf 88' lang='lat' dir='ltr'><strong>dicta</strong></span> <span class='ocrx_word' id='word_1_186' title='bbox 2954 3050 3154 3124; x_wconf 83' lang='lat' dir='ltr'><strong>veri-</strong></span> 
     </span>
     <span class='ocr_line' id='line_1_23' title="bbox 805 3168 3156 3263; baseline 0 -22"><span class='ocrx_word' id='word_1_187' title='bbox 805 3174 994 3261; x_wconf 89' lang='lat' dir='ltr'><strong>tate;</strong></span> <span class='ocrx_word' id='word_1_188' title='bbox 1033 3168 1160 3243; x_wconf 92' lang='lat' dir='ltr'><strong>sed</strong></span> <span class='ocrx_word' id='word_1_189' title='bbox 1212 3177 1575 3245; x_wconf 90' lang='lat' dir='ltr'><strong>retractus</strong></span> <span class='ocrx_word' id='word_1_190' title='bbox 1626 3175 1737 3245; x_wconf 84' lang='lat' dir='ltr'><strong>est</strong></span> <span class='ocrx_word' id='word_1_191' title='bbox 1786 3190 1832 3243; x_wconf 95' lang='lat' dir='ltr'><strong>a</strong></span> <span class='ocrx_word' id='word_1_192' title='bbox 1875 3169 2327 3244; x_wconf 87' lang='lat' dir='ltr'><strong>confessione</strong></span> <span class='ocrx_word' id='word_1_193' title='bbox 2362 3190 2521 3263; x_wconf 89' lang='lat' dir='ltr'><strong>sua,</strong></span> <span class='ocrx_word' id='word_1_194' title='bbox 2559 3169 2756 3244; x_wconf 91' lang='lat' dir='ltr'><strong>unde</strong></span> <span class='ocrx_word' id='word_1_195' title='bbox 2794 3169 3001 3243; x_wconf 88' lang='lat' dir='ltr'><strong>dicit:</strong></span> <span class='ocrx_word' id='word_1_196' title='bbox 3038 3191 3156 3242; x_wconf 85' lang='lat' dir='ltr'><strong>ma</strong></span> 
     </span>
     <span class='ocr_line' id='line_1_24' title="bbox 807 3288 3154 3383; baseline 0.001 -24"><span class='ocrx_word' id='word_1_197' title='bbox 807 3289 1091 3381; x_wconf 82' lang='lat' dir='ltr'><strong>visione,</strong></span> <span class='ocrx_word' id='word_1_198' title='bbox 1150 3288 1441 3382; x_wconf 88' lang='lat' dir='ltr'><strong>scilicet,</strong></span> <span class='ocrx_word' id='word_1_199' title='bbox 1508 3290 1976 3382; x_wconf 90' lang='lat' dir='ltr'><strong>umbrarum,</strong></span> <span class='ocrx_word' id='word_1_200' title='bbox 2045 3289 2139 3363; x_wconf 90' lang='lat' dir='ltr'><strong>de</strong></span> <span class='ocrx_word' id='word_1_201' title='bbox 2202 3289 2470 3383; x_wconf 89' lang='lat' dir='ltr'><strong>quibus</strong></span> <span class='ocrx_word' id='word_1_202' title='bbox 2534 3288 2775 3362; x_wconf 89' lang='lat' dir='ltr'><strong>statim</strong></span> <span class='ocrx_word' id='word_1_203' title='bbox 2847 3289 3154 3383; x_wconf 89' lang='lat' dir='ltr'><strong>dicetur,</strong></span> 
     </span>
     <span class='ocr_line' id='line_1_25' title="bbox 808 3407 3153 3503; baseline 0.001 -25"><span class='ocrx_word' id='word_1_204' title='bbox 808 3426 1147 3499; x_wconf 73' lang='lat' dir='ltr'><strong>appar-ve,</strong></span> <span class='ocrx_word' id='word_1_205' title='bbox 1201 3407 1428 3481; x_wconf 90' lang='lat' dir='ltr'><strong>oculis</strong></span> <span class='ocrx_word' id='word_1_206' title='bbox 1480 3408 1684 3501; x_wconf 83' lang='lat' dir='ltr'><strong>meiS,</strong></span> <span class='ocrx_word' id='word_1_207' title='bbox 1736 3410 1855 3503; x_wconf 69' lang='lat' dir='ltr'><strong>olle</strong></span> <span class='ocrx_word' id='word_1_208' title='bbox 1904 3410 2173 3480; x_wconf 82' lang='lat' dir='ltr'><strong>ritenne</strong></span> <span class='ocrx_word' id='word_1_209' title='bbox 2237 3428 2344 3481; x_wconf 89' lang='lat' dir='ltr'><strong>me</strong></span> <span class='ocrx_word' id='word_1_210' title='bbox 2403 3413 2594 3481; x_wconf 81' lang='lat' dir='ltr'><strong>tanco</strong></span> <span class='ocrx_word' id='word_1_211' title='bbox 2653 3415 2890 3480; x_wconf 81' lang='lat' dir='ltr'><strong>strello</strong></span> <span class='ocrx_word' id='word_1_212' title='bbox 2950 3429 3001 3479; x_wconf 87' lang='lat' dir='ltr'><strong><em>a</em></strong></span> <span class='ocrx_word' id='word_1_213' title='bbox 3055 3430 3153 3498; x_wconf 90' lang='lat' dir='ltr'><strong>se,</strong></span> 
     </span>
     <span class='ocr_line' id='line_1_26' title="bbox 809 3527 3154 3622; baseline 0 -22"><span class='ocrx_word' id='word_1_214' title='bbox 809 3527 1133 3602; x_wconf 82' lang='lat' dir='ltr'><strong>novitate</strong></span> <span class='ocrx_word' id='word_1_215' title='bbox 1182 3528 1313 3622; x_wconf 88' lang='lat' dir='ltr'><strong>rei,</strong></span> <span class='ocrx_word' id='word_1_216' title='bbox 1359 3528 1531 3622; x_wconf 89' lang='lat' dir='ltr'><strong>quia</strong></span> <span class='ocrx_word' id='word_1_217' title='bbox 1583 3529 1738 3602; x_wconf 84' lang='lat' dir='ltr'><strong>istae</strong></span> <span class='ocrx_word' id='word_1_218' title='bbox 1787 3534 1960 3602; x_wconf 92' lang='lat' dir='ltr'><strong>sunt</strong></span> <span class='ocrx_word' id='word_1_219' title='bbox 2010 3527 2265 3621; x_wconf 87' lang='lat' dir='ltr'><strong>primae</strong></span> <span class='ocrx_word' id='word_1_220' title='bbox 2300 3527 2565 3602; x_wconf 84' lang='lat' dir='ltr'><strong>animae</strong></span> <span class='ocrx_word' id='word_1_221' title='bbox 2618 3549 2802 3621; x_wconf 89' lang='lat' dir='ltr'><strong>quas</strong></span> <span class='ocrx_word' id='word_1_222' title='bbox 2852 3528 3030 3603; x_wconf 87' lang='lat' dir='ltr'><strong>vidit</strong></span> <span class='ocrx_word' id='word_1_223' title='bbox 3080 3528 3154 3601; x_wconf 92' lang='lat' dir='ltr'><strong>in</strong></span> 
     </span>
     <span class='ocr_line' id='line_1_27' title="bbox 807 3647 3151 3743; baseline -0 -22"><span class='ocrx_word' id='word_1_224' title='bbox 807 3647 1167 3742; x_wconf 82' lang='lat' dir='ltr'><strong>paradise,</strong></span> <span class='ocrx_word' id='word_1_225' title='bbox 1220 3648 1382 3722; x_wconf 89' lang='lat' dir='ltr'><strong>ideo</strong></span> <span class='ocrx_word' id='word_1_226' title='bbox 1434 3648 1671 3723; x_wconf 89' lang='lat' dir='ltr'><strong>subita</strong></span> <span class='ocrx_word' id='word_1_227' title='bbox 1726 3647 2079 3743; x_wconf 87' lang='lat' dir='ltr'><strong>apparitio</strong></span> <span class='ocrx_word' id='word_1_228' title='bbox 2117 3647 2223 3722; x_wconf 88' lang='lat' dir='ltr'><strong>rei</strong></span> <span class='ocrx_word' id='word_1_229' title='bbox 2266 3647 2649 3743; x_wconf 85' lang='lat' dir='ltr'><strong>incognitae</strong></span> <span class='ocrx_word' id='word_1_230' title='bbox 2691 3648 2988 3721; x_wconf 87' lang='lat' dir='ltr'><strong>abstulit</strong></span> <span class='ocrx_word' id='word_1_231' title='bbox 3020 3647 3151 3722; x_wconf 90' lang='lat' dir='ltr'><strong>sibi</strong></span> 
     </span>
     <span class='ocr_line' id='line_1_28' title="bbox 806 3766 3147 3862; baseline -0.001 -22"><span class='ocrx_word' id='word_1_232' title='bbox 806 3766 1281 3843; x_wconf 90' lang='lat' dir='ltr'><strong>intentionem</strong></span> <span class='ocrx_word' id='word_1_233' title='bbox 1334 3768 1701 3862; x_wconf 88' lang='lat' dir='ltr'><strong>loquendi,</strong></span> <span class='ocrx_word' id='word_1_234' title='bbox 1757 3774 1831 3841; x_wconf 90' lang='lat' dir='ltr'><strong>et</strong></span> <span class='ocrx_word' id='word_1_235' title='bbox 1881 3767 2078 3841; x_wconf 92' lang='lat' dir='ltr'><strong>dedit</strong></span> <span class='ocrx_word' id='word_1_236' title='bbox 2128 3766 2260 3840; x_wconf 89' lang='lat' dir='ltr'><strong>sibi</strong></span> <span class='ocrx_word' id='word_1_237' title='bbox 2313 3766 2788 3841; x_wconf 89' lang='lat' dir='ltr'><strong>intentionem</strong></span> <span class='ocrx_word' id='word_1_238' title='bbox 2831 3766 3147 3859; x_wconf 83' lang='lat' dir='ltr'><strong>videndi3</strong></span> 
     </span>
     <span class='ocr_line' id='line_1_29' title="bbox 803 3886 3151 3982; baseline -0 -21"><span class='ocrx_word' id='word_1_239' title='bbox 803 3886 967 3963; x_wconf 91' lang='lat' dir='ltr'><strong>ideo</strong></span> <span class='ocrx_word' id='word_1_240' title='bbox 1017 3889 1210 3982; x_wconf 91' lang='lat' dir='ltr'><strong>dicit,</strong></span> <span class='ocrx_word' id='word_1_241' title='bbox 1234 3910 1371 3982; x_wconf 82' lang='lat' dir='ltr'><strong>per</strong></span> <span class='ocrx_word' id='word_1_242' title='bbox 1421 3891 1714 3981; x_wconf 84' lang='lat' dir='ltr'><strong>vedersi,</strong></span> <span class='ocrx_word' id='word_1_243' title='bbox 1748 3888 2041 3982; x_wconf 89' lang='lat' dir='ltr'><strong>scilicet,</strong></span> <span class='ocrx_word' id='word_1_244' title='bbox 2085 3887 2355 3962; x_wconf 86' lang='lat' dir='ltr'><strong>dictam</strong></span> <span class='ocrx_word' id='word_1_245' title='bbox 2407 3887 2787 3981; x_wconf 85' lang='lat' dir='ltr'><strong>visionem,</strong></span> <span class='ocrx_word' id='word_1_246' title='bbox 2840 3889 2959 3960; x_wconf 78' lang='lat' dir='ltr'><strong>che</strong></span> <span class='ocrx_word' id='word_1_247' title='bbox 3005 3907 3151 3960; x_wconf 80' lang='lat' dir='ltr'><strong>non</strong></span> 
     </span>
     <span class='ocr_line' id='line_1_30' title="bbox 804 4007 3151 4102; baseline -0.001 -19"><span class='ocrx_word' id='word_1_248' title='bbox 804 4012 901 4083; x_wconf 82' lang='lat' dir='ltr'><strong>mi</strong></span> <span class='ocrx_word' id='word_1_249' title='bbox 955 4030 1301 4082; x_wconf 80' lang='lat' dir='ltr'><strong>sovvenne</strong></span> <span class='ocrx_word' id='word_1_250' title='bbox 1361 4010 1437 4082; x_wconf 81' lang='lat' dir='ltr'><strong>di</strong></span> <span class='ocrx_word' id='word_1_251' title='bbox 1494 4011 1637 4082; x_wconf 82' lang='lat' dir='ltr'><strong>mia</strong></span> <span class='ocrx_word' id='word_1_252' title='bbox 1688 4010 2141 4102; x_wconf 80' lang='lat' dir='ltr'><strong>confessione,</strong></span> <span class='ocrx_word' id='word_1_253' title='bbox 2213 4007 2422 4101; x_wconf 91' lang='lat' dir='ltr'><strong>quasi</strong></span> <span class='ocrx_word' id='word_1_254' title='bbox 2483 4007 2697 4101; x_wconf 83' lang='lat' dir='ltr'><strong>dicat,</strong></span> <span class='ocrx_word' id='word_1_255' title='bbox 2753 4007 3048 4082; x_wconf 89' lang='lat' dir='ltr'><strong>recessit</strong></span> <span class='ocrx_word' id='word_1_256' title='bbox 3105 4028 3151 4081; x_wconf 96' lang='lat' dir='ltr'><strong>a</strong></span> 
     </span>
     <span class='ocr_line' id='line_1_31' title="bbox 804 4127 3151 4223; baseline 0 -23"><span class='ocrx_word' id='word_1_257' title='bbox 804 4136 1053 4203; x_wconf 90' lang='lat' dir='ltr'><strong>mente</strong></span> <span class='ocrx_word' id='word_1_258' title='bbox 1105 4150 1272 4203; x_wconf 90' lang='lat' dir='ltr'><strong>mea</strong></span> <span class='ocrx_word' id='word_1_259' title='bbox 1322 4135 1671 4223; x_wconf 90' lang='lat' dir='ltr'><strong>concepta</strong></span> <span class='ocrx_word' id='word_1_260' title='bbox 1724 4127 2105 4221; x_wconf 81' lang='lat' dir='ltr'><strong>confessiO,</strong></span> <span class='ocrx_word' id='word_1_261' title='bbox 2134 4135 2208 4202; x_wconf 89' lang='lat' dir='ltr'><strong>et</strong></span> <span class='ocrx_word' id='word_1_262' title='bbox 2251 4127 2438 4222; x_wconf 88' lang='lat' dir='ltr'><strong>coepi</strong></span> <span class='ocrx_word' id='word_1_263' title='bbox 2475 4128 2856 4202; x_wconf 84' lang='lat' dir='ltr'><strong>attendere</strong></span> <span class='ocrx_word' id='word_1_264' title='bbox 2890 4127 2983 4201; x_wconf 90' lang='lat' dir='ltr'><strong>ad</strong></span> <span class='ocrx_word' id='word_1_265' title='bbox 3017 4145 3151 4200; x_wconf 90' lang='lat' dir='ltr'><strong>no-</strong></span> 
     </span>
     <span class='ocr_line' id='line_1_32' title="bbox 804 4247 3151 4344; baseline -0.001 -23"><span class='ocrx_word' id='word_1_266' title='bbox 804 4268 972 4321; x_wconf 84' lang='lat' dir='ltr'><strong>vam</strong></span> <span class='ocrx_word' id='word_1_267' title='bbox 1010 4249 1561 4344; x_wconf 89' lang='lat' dir='ltr'><strong>apparitionem.</strong></span> <span class='ocrx_word' id='word_1_268' title='bbox 1583 4289 1682 4302; x_wconf 92' lang='lat'>—</span> <span class='ocrx_word' id='word_1_269' title='bbox 1709 4251 1933 4336; x_wconf 83' lang='lat' dir='ltr'><strong>Quali.</strong></span> <span class='ocrx_word' id='word_1_270' title='bbox 1961 4249 2172 4323; x_wconf 89' lang='lat' dir='ltr'><strong>Nunc</strong></span> <span class='ocrx_word' id='word_1_271' title='bbox 2208 4254 2421 4343; x_wconf 87' lang='lat' dir='ltr'><strong>poeta</strong></span> <span class='ocrx_word' id='word_1_272' title='bbox 2456 4247 2800 4322; x_wconf 86' lang='lat' dir='ltr'><strong>describit</strong></span> <span class='ocrx_word' id='word_1_273' title='bbox 2836 4248 3151 4321; x_wconf 87' lang='lat' dir='ltr'><strong>formam</strong></span> 
     </span>
     <span class='ocr_line' id='line_1_33' title="bbox 804 4366 3150 4464; baseline -0.001 -24"><span class='ocrx_word' id='word_1_274' title='bbox 804 4373 879 4440; x_wconf 93' lang='lat' dir='ltr'><strong>et</strong></span> <span class='ocrx_word' id='word_1_275' title='bbox 943 4366 1342 4462; x_wconf 83' lang='lat' dir='ltr'><strong>imaginem</strong></span> <span class='ocrx_word' id='word_1_276' title='bbox 1409 4368 1740 4462; x_wconf 89' lang='lat' dir='ltr'><strong>ipsarum</strong></span> <span class='ocrx_word' id='word_1_277' title='bbox 1813 4368 2257 4442; x_wconf 89' lang='lat' dir='ltr'><strong>umbrarum</strong></span> <span class='ocrx_word' id='word_1_278' title='bbox 2323 4388 2455 4464; x_wconf 90' lang='lat' dir='ltr'><strong>per</strong></span> <span class='ocrx_word' id='word_1_279' title='bbox 2522 4367 3150 4462; x_wconf 89' lang='lat' dir='ltr'><strong>comparationem</strong></span> 
     </span>
    </p>
   </div>
   <div class='ocr_carea' id='block_1_4' title="bbox 931 4624 1343 4705">
    <p class='ocr_par' dir='ltr' id='par_1_4' title="bbox 931 4624 1343 4705">
     <span class='ocr_line' id='line_1_34' title="bbox 931 4624 1343 4705; baseline 0 -30"><span class='ocrx_word' id='word_1_280' title='bbox 931 4624 988 4690; x_wconf 87' lang='lat'><strong>(¹)</strong></span> <span class='ocrx_word' id='word_1_281' title='bbox 1019 4624 1083 4676; x_wconf 88' lang='grc' dir='ltr'><strong>Ε.</strong></span> <span class='ocrx_word' id='word_1_282' title='bbox 1113 4637 1176 4677; x_wconf 76' lang='grc' dir='ltr'><strong>εει</strong></span> <span class='ocrx_word' id='word_1_283' title='bbox 1209 4637 1343 4705; x_wconf 64' lang='lat' dir='ltr'><strong>quae.</strong></span> 
     </span>
    </p>
   </div>
  </div>
 </body>
</html>
