3734 5567
865 488 1009 553 262
1586 494 1996 550 commun
2044 493 2484 548 PURGATonn

859 649 1151 738 tempus
1200 638 1624 732 antichristi,
1678 658 1815 713 nec
1868 638 2104 711 maior
2164 638 2300 710 fuit
2360 658 2718 731 unquam,
2771 657 2909 712 nec
2962 638 3212 713 futura

860 762 1150 837 videtur
1198 758 1666 852 abominatio,
1703 757 2077 850 desolatio,
2114 757 2231 831 vel
2271 756 2510 831 maius
2551 758 2920 853 flagellum
2973 759 3212 833 eccle-

858 882 984 956 siae
1040 881 1212 975 Dei3
1266 880 1364 953 ita
1425 877 1625 972 quod
1686 877 1780 951 de
1837 878 2322 951 Machometto
2388 875 2848 951 verificatum
2919 876 3208 952 videtur

858 1001 1056 1094 quod
1087 993 1158 1093 (¹)
1239 1000 1333 1074 de
1395 997 1702 1071 Ismaele
1759 995 2061 1070 Genesis
2111 995 2314 1070 XVI:
2368 1000 2506 1068 Iste
2553 999 2689 1068 erit
2728 999 2925 1089 serus
2974 1000 3205 1088 homo,

855 1140 1109 1193 manus
1159 1123 1304 1194 eius
1355 1125 1606 1191 contra
1657 1137 1920 1209 omnes,
1962 1123 2028 1188 ec
2065 1136 2316 1189 manus
2366 1119 2675 1188 omnium
2725 1123 2976 1189 contra
3028 1137 3198 1191 eum.

859 1240 947 1313 Et
1000 1238 1264 1313 merito
1317 1237 1477 1311 talis
1525 1235 1750 1310 draco
1801 1241 2024 1309 tantae
2061 1234 2354 1309 malitiae
2387 1240 2460 1309 et
2501 1234 2847 1327 nequitiae
2880 1235 3080 1309 venit
3111 1236 3204 1310 de

857 1358 1167 1452 Arabia3
1221 1379 1392 1431 nam
1444 1375 1737 1450 semper
1779 1355 1877 1430 ab
1913 1354 2217 1448 antiquo
2249 1354 2512 1429 arabes
2546 1354 3061 1429 latrocinantes
3093 1355 3204 1428 in-

857 1479 1092 1553 sidiati
1142 1484 1314 1551 sunt
1362 1477 1632 1573 populo
1666 1475 1819 1570 Dei,
1857 1483 1943 1549 ut
1976 1495 2171 1569 saepe
2204 1481 2404 1570 patet
2435 1474 2510 1547 in
2555 1495 2764 1548 sacra
2800 1475 3198 1570 scriptura:

856 1605 931 1673 et
982 1619 1179 1672 nunc
1229 1596 1520 1673 Beatrix
1574 1617 1746 1670 cum
1802 1596 1953 1669 suis
1997 1595 2405 1670 christianis
2448 1601 2735 1690 poterat
2774 1595 3021 1669 dicere
3053 1597 3203 1669 Ma-

854 1719 1224 1792 chometto
1260 1723 1335 1792 et
1367 1717 1518 1791 suis
1548 1708 1665 1808 (²):
1700 1720 2026 1806 Iynocum
2060 1716 2274 1805 vobiS,
2311 1715 2607 1806 Arabes,
2643 1717 2920 1788 venistis
2952 1719 3027 1788 in
3076 1736 3204 1787 or·-

854 1840 1025 1913 bem.
1079 1841 1263 1914 Nota
1316 1838 1537 1912 etiam
1582 1836 1781 1930 quod
1817 1836 2118 1930 quidam
2155 1834 2369 1930 periti
2402 1855 2535 1929 per
2576 1836 2774 1908 hunc
2806 1834 3203 1909 draconem

857 1960 1114 2033 volunt
1164 1956 1464 2053 intelligi
1501 1955 1783 2049 Arium,
1825 1975 2049 2049 quem
2088 1974 2281 2048 saepe
2313 1954 2765 2051 Augustinus
2802 1961 3016 2029 vocat
3049 1975 3206 2029 ser-

857 2087 1192 2175 pentem3
1244 2077 1371 2151 sed
1421 2082 1625 2150 certe
1658 2076 2187 2148 Machomettus
2230 2074 2364 2147 fuit
2399 2074 2637 2148 maior
2669 2094 3003 2169 serpens3
3040 2074 3203 2168 qui-

857 2197 1028 2271 dam
1082 2196 1303 2270 etiam
1356 2214 1489 2289 per
1539 2194 1836 2288 vulpem
1890 2193 2302 2289 intelligunt
2351 2195 2945 2288 Machomettum,
2999 2193 3197 2288 quod

858 2315 1061 2388 nullo
1116 2313 1332 2387 modo
1386 2313 1605 2387 habet
1654 2312 2065 2386 veritatem.
2092 2352 2193 2366 —
2226 2315 2413 2401 Quel.
2462 2313 2592 2387 Hic
2642 2320 2853 2409 poeta
2906 2319 3199 2386 ostenso

861 2433 1060 2528 quod
1109 2432 1331 2506 draco
1381 2430 1782 2527 asportavit
1837 2451 2090 2505 secum
2143 2431 2215 2505 in
2268 2452 2603 2507 errorem
2642 2453 2988 2529 magnam
3030 2452 3200 2527 par-

856 2559 1008 2628 tem
1061 2572 1352 2643 currus»,
1395 2571 1591 2624 nunc
1626 2549 1939 2625 ostendit
1990 2550 2188 2644 quod
2237 2572 2408 2646 pars
2459 2572 2627 2645 quae
2671 2552 3020 2627 remansit
3059 2551 3194 2625 suit

855 2673 1088 2747 multa
1144 2672 1391 2747 vitiata
1441 2670 1854 2765 cupiditate,
1895 2672 2094 2745 unde
2138 2672 2536 2746 revertitur
2584 2671 2676 2746 ad
2727 2672 3195 2747 donationem

852 2791 1323 2885 Constantini,
1374 2790 1657 2864 dicens:
1719 2793 1893 2878 Quel
1937 2792 2056 2862 che
2104 2793 2392 2881 rimase,
2430 2790 2633 2885 idest,
2668 2791 2786 2865 illa
2825 2813 2993 2887 pars
3027 2813 3200 2866 cur-

853 2934 984 2986 rus
1034 2931 1205 3006 quae
1254 2932 1400 2984 non
1453 2916 1564 2984 est
1611 2917 1863 2985 secuta
1916 2911 2512 3005 Machomettum,
2563 2911 2834 2987 scilicet
2892 2932 3197 2986 romana

854 3031 1084 3123 curia,
1102 3036 1184 3102 ut
1210 3050 1393 3124 papa
1419 3035 1495 3103 et
1518 3029 1923 3103 cardinales
1935 3019 2036 3122 (³),
2058 3050 2226 3122 quae
2256 3029 2604 3104 remansit
2641 3030 2715 3104 in
2745 3030 2885 3104 fide
2915 3030 3195 3125 Christi,

851 3152 916 3222 si
961 3152 1314 3241 ncoperse
1348 3150 1531 3221 della
1572 3151 1842 3240 piuma,
1880 3148 2084 3241 idest,
2121 3149 2309 3222 dicta
2350 3148 2544 3241 dote,
2581 3154 2863 3242 offerta,
2901 3150 3189 3245 scilicet,

852 3290 899 3343 a
940 3267 1432 3360 constantim,
1484 3288 1675 3340 come
1727 3275 1923 3340 terra
1972 3271 2233 3359 vivace,
2270 3289 2438 3361 quae
2489 3274 2601 3342 est
2648 3268 2742 3343 de
2793 3290 2874 3343 se
2923 3270 3194 3365 fertili5‚

854 3389 1133 3483 supple,
1186 3386 1630 3482 cooperitur,
1682 3388 1758 3458 di
1805 3391 2216 3478 yramiyna,
2255 3407 2565 3483 gramen
2618 3387 2813 3461 enim
2866 3387 2960 3463 de
3010 3389 3193 3463 sacili

851 3506 1220 3603 germinat
1286 3511 1362 3580 et
1423 3504 1843 3580 difficillime
1910 3505 2347 3580 eradicatur.
2418 3507 2506 3579 Et
2572 3511 2682 3580 est
2744 3508 3193 3602 comparatio

852 3625 1185 3721 propria:
1241 3630 1518 3718 quanto
1569 3625 1767 3699 enim
1821 3631 2021 3699 terra
2057 3631 2168 3699 est
2210 3625 2641 3699 naturaliter
2693 3626 2977 3720 melior,
3020 3647 3191 3701 cum

850 3746 1048 3819 malo
1097 3744 1378 3819 semine
1428 3745 1546 3818 vel
1598 3764 1744 3818 non
1804 3744 2000 3818 culta
2062 3744 2380 3819 efficitur
2441 3744 2669 3839 peior,
2722 3745 2909 3819 sicut
2972 3766 3193 3841 supra

847 3863 1028 3937 dixit
1076 3864 1230 3958 ipsa
1280 3862 1571 3938 Beatrix
1625 3883 1759 3958 pro
1811 3862 1967 3957 ipso
2017 3870 2252 3957 poeta.
2310 3862 2397 3936 Et
2436 3863 2645 3937 dicit:
2692 3868 2888 3958 forse
2919 3885 3049 3937 con
3081 3867 3195 3937 in-

848 3989 1126 4060 tenzion
1173 4006 1358 4058 sana
1407 3991 1473 4056 ec
1520 3985 1844 4074 beniyna,
1884 3983 2056 4077 quia
2102 3982 2404 4057 intentio
2454 3982 2779 4057 Silvestri
2828 3983 2964 4056 fuit
3003 3984 3196 4058 bona

847 4106 1036 4181 forte
1085 4106 1179 4179 ad
1229 4103 1726 4179 defensionem
1779 4123 2049 4176 currus
2085 4108 2160 4177 et
2203 4103 2803 4199 reintegrandum
2844 4103 3197 4177 scissuras

848 4231 1198 4318 receptas.
1251 4222 1559 4297 Intentio
1612 4222 1835 4296 etiam
1878 4221 2321 4295 Constantini
2376 4221 2512 4295 suit
2563 4229 2787 4314 recta,
2827 4221 2993 4297 licet
3035 4244 3195 4296 ma-

973 4454 1028 4516 (¹)
1063 4457 1172 4510 11⁷.
1204 4452 1345 4516 quod
1377 4452 1568 4502 dicitur
1598 4452 1663 4502 de
1695 4452 1933 4502 lam-ele.

969 4528 1025 4591 (³)
1059 4528 1120 4578 E.
1152 4528 1258 4576 suis
1289 4526 1418 4577 illud
1451 4527 1667 4577 Lucani:
1704 4528 1957 4590 mmmm.

974 4604 1026 4669 (⁸)
1060 4604 1122 4653 B.
1152 4607 1208 4653 et
1238 4601 1524 4653 cardinales
1556 4615 1784 4653 romano
1815 4602 1977 4652 curio
2007 4615 2143 4666 quo.
