3734 5567
874 480 1015 545 220
1594 488 2006 543 COMENTUM
2056 490 2498 544 PURGA'ronu

872 637 993 727 lui,
1043 634 1245 729 idest,
1282 633 1516 731 magis
1569 654 1796 728 quam
1833 654 1985 726 vos,
2021 635 2141 707 che
2181 635 2257 706 di
2287 623 2361 706 td
2386 636 2671 725 piaque,
2709 634 2903 727 ultra
2933 633 3214 730 rivum3

870 762 944 829 et
995 775 1167 830 ecce
1217 776 1542 848 causam,
1584 750 1842 847 perche*
1869 757 2076 846 colpa
2123 778 2162 827 e
2213 756 2422 827 duolo
2469 756 2580 826 sia
2631 756 2700 827 α’
2725 775 2870 827 una
2919 758 3216 848 misum,

870 875 1073 970 idest,
1137 883 1219 948 ut
1283 876 1492 950 dolor
1551 880 1894 969 aequetur
1952 875 2211 969 culpae,
2265 873 2437 968 quia
2508 878 2711 947 tanta
2776 873 2996 948 debet
3056 896 3217 950 esse

869 1013 1108 1088 poena,
1160 1001 1437 1089 quanta
1486 993 1621 1067 fuit
1672 994 1908 1089 culpa.
1938 997 2242 1066 —Non.
2296 992 2428 1066 Hic
2475 992 2792 1086 Beatrix,
2830 1000 2913 1065 ut
2956 994 3215 1068 durius

869 1120 1136 1210 arguat
1187 1120 1502 1210 poetam,
1555 1113 1795 1208 primo
1857 1113 2027 1187 facit
2092 1133 2436 1209 magnam
2499 1112 3209 1187 commendationem

871 1234 965 1310 de
999 1256 1087 1310 eo
1129 1234 1516 1310 ostendens
1549 1233 1820 1308 bonam
1857 1233 2334 1329 aptitudinem
2373 1233 2533 1307 eius
2568 1239 2641 1307 et
2674 1232 3209 1327 dispositionem

872 1374 1021 1428 non
1070 1356 1308 1429 solum
1359 1377 1404 1430 a
1455 1356 1666 1449 coelo,
1720 1355 1846 1429 sed
1898 1354 2119 1429 etiam
2156 1374 2199 1427 a
2234 1354 2408 1428 Deo.
2445 1352 2713 1427 Ordina
2750 1354 2851 1428 sic
2885 1354 3211 1428 literam:

873 1474 1044 1548 dicit
1093 1475 1386 1551 Beatrix
1438 1474 1884 1570 respondens
1933 1473 2211 1568 angelis
2261 1472 2335 1545 in
2388 1473 2891 1547 confusionem
2939 1480 3212 1568 poetae:

884 1599 1135 1686 Questi,
1171 1596 1459 1690 scilicet,
1496 1596 1787 1689 DanteS,
1816 1597 1902 1688 fu
1946 1597 2048 1667 tal
2091 1597 2279 1668 nella
2326 1614 2459 1666 sua
2510 1596 2652 1666 vita
2701 1614 2963 1684 nuova,
3006 1593 3209 1688 idest,

872 1714 947 1788 in
996 1716 1353 1810 pueritia:
1414 1715 1639 1810 aliqui
1715 1721 1966 1790 tamen
2042 1713 2291 1788 dicunt
2366 1713 2442 1787 in
2517 1734 2654 1787 suo
2732 1719 3044 1788 tractatu
3121 1713 3215 1787 de

872 1832 1021 1907 vita
1070 1856 1282 1930 nova,
1336 1856 1560 1929 quem
1613 1834 1779 1909 fecit
1839 1835 1913 1907 in
1953 1835 2348 1928 juventute
2362 1857 2382 1926 3
2434 1832 2562 1907 sed
2613 1840 2815 1908 certe
2865 1832 3054 1906 istud
3107 1838 3215 1906 est

876 1953 1266 2029 ridiculum
1342 1954 1619 2047 dicere,
1695 1954 1871 2048 quia
1957 1960 2176 2027 autor
2261 1951 2742 2027 erubescebat
2806 1953 2901 2027 de
2974 1973 3065 2028 eo
3142 1952 3213 2025 in

873 2081 1166 2149 matura
1216 2079 1454 2168 aetate,
1507 2076 2012 2164 virtualmente,
2063 2073 2269 2166 idest,
2321 2073 2886 2168 aptitudinaliter
2945 2079 3019 2148 et
3083 2094 3217 2169 po-

874 2195 1287 2288 tentialiter,
1338 2197 1442 2266 ch'
1467 2197 1636 2284 oym·
1682 2194 1868 2266 abito
1902 2197 2162 2284 desero,
2199 2192 2403 2286 idest,
2438 2193 2737 2267 scientia
2769 2194 2888 2267 vel
2941 2194 3210 2288 virtus,

877 2335 1051 2388 nam
1086 2313 1386 2387 scientia
1413 2320 1523 2387 est
1545 2313 1837 2387 habitus
1863 2312 2346 2387 conclusionis
2374 2312 2911 2407 demonstratae,
2934 2319 3014 2386 ut
3040 2313 3213 2387 dicit

874 2434 1341 2529 philosophus
1399 2433 1636 2528 primo
1711 2432 2245 2528 posteriorum3
2314 2439 2390 2505 et
2453 2432 2688 2506 virtus
2749 2438 2859 2506 est
2921 2432 3213 2507 habitus

875 2553 1246 2646 electivuS,
1300 2560 1384 2626 ut
1431 2552 1599 2627 dicit
1648 2553 1887 2648 primo
1933 2552 2369 2644 ethicorum,
2429 2551 2724 2624 avrebbe
2766 2555 2947 2645 sallo
2995 2556 3072 2624 in
3119 2555 3216 2627 lui

875 2675 1159 2748 mirabil
1181 2694 1440 2766 prova,
1481 2673 1653 2768 quia
1687 2672 2058 2748 habuisset
2090 2673 2369 2746 bonurn
2405 2670 2775 2766 effectum,
2814 2672 2875 2746 si
2907 2672 3216 2747 dedisset

873 2816 953 2870 se
1013 2795 1109 2868 illi
1128 2819 1148 2888 3
1207 2816 1351 2867 non
1401 2814 1550 2887 pur
1600 2815 1735 2886 per
1791 2814 1974 2867 ovra
2032 2796 2204 2867 delle
2260 2798 2459 2865 ruote
2520 2812 2798 2884 mamae,
2864 2792 3067 2886 idest,
3120 2813 3214 2866 ex

871 2914 1416 2989 constellatione
1465 2921 1539 2988 et
1573 2913 1947 2988 influentia
1981 2912 2369 3005 coelorum,
2406 2911 2533 3005 qui
2568 2918 2739 2985 sunt
2777 2931 3010 3006 sperae
3050 2931 3214 2986 ma-

874 3035 1113 3129 ximae,
1149 3036 1267 3108 che
1298 3035 1606 3106 drizzan
1638 3035 1919 3105 ciascun
1951 3052 2134 3106 seme
2166 3033 2267 3104 ad
2304 3034 2511 3104 alcun
2538 3034 2706 3123 fine,
2748 3030 2952 3124 idest,
2993 3050 3214 3104 omne

872 3152 1070 3247 quod
1121 3152 1546 3247 producitur
1595 3152 1690 3226 ad
1747 3152 2028 3226 bonum
2093 3151 2339 3245 finem,
2392 3149 2582 3224 sicut
2645 3150 2911 3225 dicitur
2973 3150 3214 3246 primo

873 3270 1215 3364 Paradisi,
1255 3274 1556 3344 secondo
1595 3273 1715 3345 che
1750 3275 1810 3345 le
1839 3275 2026 3346 stelle
2056 3293 2189 3345 son
2222 3291 2629 3363 compayne,
2666 3270 2872 3364 idest,
2908 3270 3217 3345 coniun-

874 3396 1033 3483 ctae,
1061 3391 1201 3463 hoc
1235 3395 1366 3483 est,
1396 3389 1802 3463 secundum
1831 3390 2421 3465 coniunctionem
2458 3390 2946 3485 planetarum,
2977 3397 3051 3465 et
3089 3389 3216 3463 tri-

873 3507 1264 3603 plicitatem
1320 3529 1605 3604 eorum,
1659 3510 1833 3604 quia
1883 3510 2101 3585 aliam
2170 3510 2671 3605 operationem
2734 3510 2901 3584 facit
2959 3511 3214 3585 Satur-

873 3651 1016 3704 nus
1065 3629 1499 3704 coniunctus
1548 3651 1722 3705 curn
1773 3631 1979 3726 Jove,
2029 3632 2251 3705 aliam
2311 3651 2485 3705 cum
2547 3632 2796 3724 Marte,
2850 3636 2926 3705 et
2977 3630 3079 3705 ita
3125 3630 3217 3704 de

873 3749 1070 3845 aliis3
1121 3756 1196 3824 et
1245 3750 1467 3824 etiarn
1518 3750 1711 3824 idem
1762 3752 2053 3845 planeta
2105 3751 2274 3827 facit
2321 3751 2543 3826 aliam
2577 3750 3102 3845 operationem,
3141 3749 3215 3823 in

875 3894 1013 3947 suo
1062 3871 1448 3966 domicilio,
1503 3872 1720 3947 aliam
1773 3871 1845 3946 in
1899 3873 2107 3969 signo
2155 3893 2303 3946 non
2335 3891 2494 3946 suo.
2533 3871 2620 3945 Et
2652 3871 2852 3966 quod
2883 3872 3047 3965 plus
3080 3876 3213 3964 est,

873 4013 992 4066 ma
1036 4015 1169 4086 per
1219 3995 1605 4083 laryhezza
1653 3994 1730 4065 di
1775 3997 2027 4084 yrazie
2074 3995 2327 4086 divine,
2366 3995 2486 4067 che
2535 3994 2772 4066 hanno
2819 3983 2881 4064 si
2929 3994 3055 4064 alti
3087 4011 3217 4064 va—

867 4115 1057 4205 pori,
1112 4111 1320 4207 idest,
1371 4112 1793 4207 profundos,
1845 4133 1895 4184 a
1964 4116 2077 4186 lor
2128 4115 2369 4206 piova,
2424 4113 2630 4206 idest,
2692 4111 3044 4208 pluviam,
3095 4113 3219 4185 che

871 4236 1107 4304 nostre
1147 4234 1338 4325 viste,
1379 4230 1582 4326 idest,
1626 4231 2157 4326 speculationes
2192 4231 2740 4325 intellectualeS,
2789 4224 2861 4305 ld
2895 4252 3041 4305 non
3074 4253 3218 4305 van

873 4352 1116 4441 vicine,
1174 4348 1377 4444 idest,
1425 4371 1573 4425 non
1620 4351 1990 4448 attingunt
2037 4351 2131 4426 ad
2179 4351 2747 4445 profunditatem
2797 4352 3214 4428 divinarum

872 4468 1304 4566 gratiarum.
1343 4470 1430 4543 Et
1480 4471 1847 4545 concludit
1887 4493 1980 4548 ex
2014 4474 2156 4547 hoc
2189 4473 2386 4566 quod
2427 4473 2665 4570 gratia
2705 4471 2921 4547 cessit
2954 4471 3087 4547 sibi
3121 4471 3213 4547 ad

871 4588 1228 4663 damnum
1283 4590 1456 4685 quia
1504 4590 1782 4666 abusus
1816 4598 1949 4688 est,
1984 4614 2117 4687 per
2151 4613 2379 4669 unam
2414 4592 3039 4689 comparationem
3079 4612 3213 4666 no-
