3734 5567
1110 509 1386 567 CANTUS
1436 512 1816 568 vieEsmus
1865 511 2200 577 QUINTUS·
2692 498 2826 566 109

485 657 960 734 materialiter
1009 656 1198 731 sicut
1246 656 1326 731 fit
1377 658 1493 731 hic
1547 656 1624 731 in
1666 677 2002 752 corpore,
2044 664 2120 730 ut
2155 655 2436 730 facilius
2469 656 2828 750 intelliga-

484 787 630 853 tur.
683 777 889 852 Unde
938 776 1154 850 dicit:
1207 768 1348 848 cosi
1398 797 1436 849 e
1487 783 1747 868 quanto
1795 780 1972 850 nelle
2020 777 2334 850 membra
2384 778 2561 867 vive,
2612 774 2822 867 idest,

479 900 726 974 taliter
777 905 850 972 et
901 901 1213 990 tantum,
1267 896 1582 988 qualiter
1644 903 1719 971 et
1784 903 2149 991 quantum
2210 895 2539 970 radiabat
2588 895 2827 990 primo

479 1020 557 1094 in
606 1037 918 1114 corpore
965 1016 1145 1090 dans
1204 1016 1520 1090 formam
1582 1015 1713 1091 toti
1762 1026 1837 1093 et
1899 1015 2203 1112 singulis
2262 1015 2591 1111 partibus
2642 1015 2822 1089 eius.

484 1180 584 1193 —
613 1145 675 1211 Ε
720 1158 929 1211 come.
981 1135 1111 1210 Hic
1163 1136 1431 1210 Statius
1485 1136 1898 1211 manifestat
1952 1157 2222 1211 novam
2281 1135 2822 1232 dispositionem

483 1279 710 1353 quam
762 1256 1074 1350 acquirit
1124 1255 1371 1330 anima
1422 1256 1519 1330 ibi
1569 1277 1702 1351 per
1751 1256 2275 1331 nobilissimam
2331 1257 2823 1352 comparatio-

482 1399 677 1453 nem.
714 1377 822 1451 Ad
857 1377 1069 1451 cuius
1102 1376 1664 1452 intellectionem
1688 1372 1762 1470 (¹)
1792 1378 2070 1452 bonum
2106 1383 2218 1453 est
2250 1378 2593 1472 praescire
2623 1378 2821 1471 quod

482 1516 739 1572 omnes
789 1503 939 1570 tam
993 1495 1393 1591 philosophi
1445 1517 1671 1590 quam
1724 1503 1960 1592 poetae
1997 1496 2074 1569 in
2107 1497 2247 1570 hoc
2280 1498 2676 1571 convenire
2711 1496 2822 1570 vi-

481 1617 770 1709 dentur,
807 1614 1009 1709 quod
1051 1614 1176 1689 iris
1229 1620 1337 1689 est
1385 1617 1767 1711 speculum
1803 1616 1973 1690 solis
2006 1616 2080 1688 in
2113 1636 2393 1710 aquosa
2433 1616 2651 1690 nube.
2688 1616 2822 1690 Iris

481 1737 677 1811 enim
730 1741 840 1809 est
889 1754 1109 1809 arcus
1162 1734 1540 1829 rotunduS,
1586 1735 1700 1810 vel
1737 1734 1972 1829 quasi,
2007 1756 2156 1809 non
2190 1735 2550 1810 excedens
2599 1735 2823 1810 semi-

481 1855 867 1947 circulum,
921 1859 996 1928 et
1043 1853 1471 1947 frequenter
1522 1854 1758 1948 portio
1809 1855 2051 1928 minor
2101 1853 2608 1948 semicirculo;
2645 1875 2816 1930 nam

481 1980 757 2069 quanto
813 1972 920 2047 sol
970 1977 1080 2047 est
1111 1972 1351 2065 altior,
1386 1977 1588 2046 tanto
1621 1972 1941 2047 circulus
1974 1979 2085 2047 est
2125 1973 2399 2068 minor3
2436 1979 2512 2047 et
2544 1981 2821 2067 quanto

481 2094 589 2168 sol
642 2092 864 2167 fuerit
916 2090 1238 2185 inferior,
1278 2096 1477 2164 tanto
1512 2111 1731 2166 arcus
1781 2098 1892 2167 est
1955 2093 2208 2168 maior.
2263 2092 2469 2168 Unde
2512 2114 2658 2167 non
2708 2093 2822 2166 in-

480 2212 1002 2287 convenienter
1051 2209 1431 2304 Euripides
1481 2217 1697 2305 poeta
1746 2211 1946 2306 dixit,
1989 2212 2248 2287 iridem
2296 2233 2456 2288 oese
2506 2212 2821 2308 sagiptas

478 2331 820 2427 Apollinis
867 2331 1129 2405 affixas
1180 2330 1256 2403 in
1310 2329 1695 2426 superficie
1745 2352 2062 2406 camerae
2113 2332 2436 2426 sunonis,
2491 2353 2659 2425 quae
2709 2338 2819 2406 est

481 2452 590 2527 vis
639 2450 881 2525 divina
932 2449 1009 2523 in
1057 2469 1255 2525 aere.
1310 2449 1493 2523 Dicit
1542 2470 1760 2546 ergo:
1814 2456 1882 2523 Ε
1925 2472 2116 2524 come
2179 2455 2224 2525 ἴ
2249 2455 2402 2525 aire
2451 2454 2734 2544 quando
2782 2447 2824 2525 e*

481 2571 612 2645 ben
646 2574 936 2663 piorno,
987 2569 1194 2663 idest,
1243 2570 1524 2664 plenus,
1576 2590 1986 2666 praegnanS,
2021 2573 2140 2646 vel
2179 2571 2429 2646 ebrius
2476 2571 2816 2666 nubibuS,

480 2690 802 2785 intellige
851 2689 1094 2783 quoad
1146 2695 1457 2785 partem,
1499 2688 1671 2782 quia
1720 2709 1940 2764 arcus
1990 2710 2138 2764 non
2188 2695 2491 2786 apparet
2549 2689 2680 2763 nisi
2741 2688 2815 2763 in

478 2831 678 2904 aere,
703 2809 969 2885 alicubi
995 2829 1284 2903 serene,
1313 2808 1580 2884 alicubi
1614 2809 1945 2903 turbid03
1972 2812 2249 2884 diventa
2274 2813 2581 2901 adorna,
2609 2809 2816 2903 idest,

476 2931 896 3023 adornatuS,
949 2929 1351 3025 insignituS,
1403 2931 1480 3002 di
1526 2931 1786 3003 diversi
1832 2932 2057 3002 colori
2072 2956 2103 3022 ,·
2152 2930 2345 3005 bene
2393 2929 2584 3024 dicit,
2639 2948 2809 3002 nam

478 3051 762 3126 colores
812 3048 1011 3123 iridis
1061 3048 1136 3123 iu
1187 3048 1496 3126 veritate
1547 3068 1694 3121 non
1743 3053 1916 3121 sunt
1965 3049 2163 3123 aliud
2223 3048 2358 3123 nisi
2421 3047 2601 3123 radii
2651 3047 2820 3122 solis

476 3171 797 3244 humore
847 3168 1137 3264 vaporis
1188 3168 1305 3243 vel
1340 3168 1556 3242 nubis
1588 3166 2078 3242 diversimode
2112 3168 2350 3261 tincti}
2376 3189 2513 3262 per
2546 3172 2819 3243 l'altrui

474 3293 735 3381 rayyio
772 3291 893 3362 che
914 3291 986 3362 'n
1023 3308 1099 3360 se
1144 3290 1208 3359 si
1252 3289 1492 3379 tinette
1504 3312 1536 3379 ;
1566 3286 1760 3361 bene
1791 3286 1984 3381 dicit,
2021 3289 2196 3381 quia
2237 3308 2457 3364 causa
2493 3288 2816 3364 efficiens

475 3409 671 3483 iridis
722 3415 798 3483 et
846 3408 1181 3482 colorum
1231 3412 1341 3480 est
1392 3405 1640 3480 radius
1689 3406 1860 3480 solis
1901 3406 2189 3482 rediens
2224 3427 2702 3502 repercussus
2741 3413 2819 3482 et

476 3529 796 3604 reflexus
846 3528 938 3602 ad
988 3546 1339 3622 vaporem
1393 3525 1773 3620 multiplici
1827 3526 2297 3602 refractione:
2350 3535 2427 3603 et
2473 3527 2577 3602 sic
2627 3526 2814 3621 vide,

478 3670 702 3742 quam
755 3646 1053 3744 egregie
1102 3651 1318 3740 poeta
1367 3650 1617 3719 noster
1651 3644 1888 3740 tetigit
1925 3645 2429 3721 diffinitionem
2474 3645 2692 3720 iridis.
2728 3647 2819 3719 Et

477 3775 650 3844 nota
700 3772 1061 3861 quantum
1115 3764 1564 3860 comparatio
1597 3764 1689 3838 sit
1721 3765 2057 3859 propria:
2094 3765 2283 3840 sicut
2323 3765 2518 3841 enim
2564 3766 2671 3840 sol
2707 3764 2817 3839 in-

478 3888 961 3983 corruptibilis
1012 3886 1331 3981 potentia
1381 3906 1518 3960 sua
1545 3876 1621 3977 (²)
1675 3884 2104 3959 mirabiliter
2161 3884 2512 3981 imprimit
2573 3885 2820 3960 diver-

477 4029 594 4082 sos
645 4008 928 4083 colores
976 4005 1053 4080 in
1100 4025 1370 4100 corpus
1437 4004 1629 4080 aeris
1689 4003 2023 4098 nubilosi,
2075 4003 2174 4079 ita
2234 4011 2310 4079 et
2371 4003 2619 4079 anima
2677 4004 2820 4078 im-

480 4128 809 4203 mortalis
859 4127 1133 4202 virtute
1183 4146 1319 4200 sua
1359 4124 1790 4200 mirabiliter
1825 4123 2181 4220 imprimit
2212 4122 2499 4200 diversa
2539 4142 2819 4221 organa

472 4248 935 4323 diversarum
1005 4246 1501 4343 potentiarum
1566 4244 1642 4317 in
1710 4265 1980 4339 corpus
2042 4243 2235 4318 aeris
2302 4243 2437 4318 sihi
2498 4244 2819 4320 vicinum

475 4367 694 4442 radiis
747 4367 918 4442 suis.
985 4367 1170 4442 Dicit
1228 4386 1448 4461 ergo:
1512 4358 1655 4438 cosi
1712 4366 1759 4438 ἴ
1788 4385 1919 4437 aer
1980 4367 2160 4438 vicin
2223 4368 2412 4457 φάρη·
2469 4369 2535 4440 εἰ
2595 4374 2816 4456 mette,

601 4631 656 4694 (¹)
685 4631 748 4682 13.
781 4630 1122 4683 intellectum.
1554 4627 1610 4693 (¹)
1643 4633 1752 4691 11⁷,
1786 4643 1880 4680 sua
1910 4629 2137 4681 mirabili
2165 4630 2431 4695 imprimit.
