3734 5567
867 479 1008 548 338
1649 488 2057 544 commun
2107 488 2442 542 niumm

861 636 1190 711 similiter
1241 642 1480 712 artem
1532 634 1950 727 militarem,
1992 633 2327 728 peritiam
2371 652 2787 727 armorum,
2837 635 3205 708 calculum

862 776 1389 850 numerorum3
1427 754 1589 829 ideo
1625 754 1889 828 merito
1926 760 2165 828 totum
2194 752 2331 826 fuit
2365 753 2733 828 celebrata
2763 774 2895 849 per
2923 756 3207 848 orbem,

861 881 936 952 et
985 877 1353 973 praecipue
1414 874 1609 971 apud
1672 875 2012 949 Athenas.
2081 874 2290 949 Modo
2355 873 2448 949 ad
2510 874 2968 970 propositum
3036 875 3206 950 dicit

861 1005 1110 1092 poeta:
1179 1017 1320 1094 ego
1385 994 1647 1091 navigo
1711 993 1925 1068 istam
1992 1014 2292 1089 aquam,
2358 993 2531 1088 quia
2601 995 2836 1069 habeo
2899 1003 3203 1069 ventum

863 1137 1325 1214 prosperum,
1376 1115 1669 1209 scilicet,
1730 1115 2062 1190 favorem
2124 1115 2507 1210 Minervae3
2562 1116 2760 1192 unde
2807 1116 3016 1192 dicit:
3071 1122 3207 1192 Mi-

862 1258 1088 1310 nerva
1152 1238 1376 1328 spira,
1436 1234 1641 1329 idest,
1701 1234 2013 1309 infundit
2076 1235 2251 1309 mihi
2313 1235 2649 1331 spiritum
2717 1238 3111 1333 sapientiae,
3172 1261 3210 1312 e

865 1357 1262 1430 conducemi
1309 1358 1588 1448 Apella,
1648 1356 1856 1449 quasi
1908 1354 2138 1429 dicat:
2174 1356 2411 1430 habeo
2449 1356 2725 1430 bonum
2772 1364 3077 1433 nautam
3133 1366 3210 1433 et

863 1474 1438 1572 gubernatorem
1490 1494 1678 1549 meae
1728 1475 1957 1569 naviS‚
1993 1475 2286 1568 scilicet,
2328 1475 2733 1570 Apollinem
2768 1477 2993 1552 deum
3029 1497 3209 1573 poe-

863 1599 1133 1688 tarum,
1169 1594 1380 1669 cuius
1430 1594 1789 1669 auxilium
1824 1594 2242 1691 imploravit
2277 1595 2350 1668 in
2384 1596 3205 1692 praecedenticapitu103

861 1718 935 1787 et
987 1714 1203 1788 tertio
1255 1713 1491 1789 habeo
1553 1719 1977 1811 magnetem
2045 1721 2120 1790 et
2183 1735 2400 1789 acum
2431 1709 2533 1808 (¹),
2597 1735 2766 1809 quae
2815 1716 3211 1791 ostendunt

860 1833 1036 1907 mihi
1090 1841 1658 1929 tramontanam,
1692 1835 1783 1910 ad
1821 1857 2048 1929 quam
2086 1834 2350 1930 navigo
2385 1834 2458 1907 in
2494 1835 2631 1908 isto
2682 1856 2951 1933 magno
2993 1836 3203 1911 mari.

774 1963 780 1970 ’
857 1954 1063 2028 Unde
1129 1954 1334 2029 dicit:
1404 1961 1446 2028 θ’
1504 1976 1682 2029 nove
1738 1976 1953 2046 muse,
2023 1962 2256 2028 m'usae
2306 1954 2653 2029 dicuntur
2713 1975 2983 2030 novem
3048 1956 3207 2031 deae

858 2081 1271 2170 poetarum,
1322 2074 1415 2148 de
1466 2075 1735 2169 quibus
1785 2077 2000 2170 plene
2057 2075 2202 2150 dixi
2258 2075 2495 2170 primo
2557 2076 2875 2170 capitulo
2924 2076 3208 2174 Purga-

861 2194 1052 2289 torii,
1106 2198 1204 2268 mi
1252 2197 1649 2268 dimostran
1700 2198 1744 2267 ι’
1769 2198 1946 2268 Orse
1963 2222 1993 2287 ,·
2044 2215 2215 2269 nam
2268 2195 2341 2268 in
2396 2204 2645 2270 nostro
2698 2198 2865 2290 polo
2916 2205 3208 2292 septen-

863 2313 1152 2387 trionali
1202 2322 1376 2387 sunt
1423 2313 1591 2388 duae
1641 2315 2247 2409 constellationes,
2291 2315 2560 2389 scilicet
2621 2336 2793 2390 ursa
2845 2317 3083 2391 maior
3133 2323 3207 2391 et

864 2436 1128 2530 minor,
1182 2436 1255 2509 in
1308 2457 1453 2531 qua
1506 2444 1615 2511 est
1667 2443 2155 2530 tramontana‚
2196 2443 2275 2510 ut
2322 2436 2607 2512 dicetur
2656 2438 2854 2512 clare
2904 2437 3033 2511 XV
3084 2458 3207 2512 ca-

860 2556 1090 2653 pitulo
1141 2556 1360 2630 huius
1411 2556 1612 2651 libri3
1650 2558 1767 2633 vel
1817 2576 2105 2651 expone
2144 2556 2499 2650 subtilius,
2536 2578 2714 2630 nove
2747 2577 2960 2650 muse,
2999 2557 3204 2650 idest,

859 2680 1206 2772 novellae‚
1267 2677 1440 2773 quia
1507 2677 1600 2753 de
1662 2698 1857 2752 novo
1927 2677 2186 2772 incipio
2256 2684 2556 2773 poetare
2631 2678 2725 2753 de
2796 2699 2976 2753 vero
3052 2678 3205 2751 Deo

858 2806 1161 2894 aeterno‚
1215 2820 1364 2874 non
1413 2799 1506 2873 de
1567 2799 1725 2872 aliis
1752 2790 1825 2891 (²)
1880 2798 2239 2893 gentium,
2300 2798 2488 2872 sicut
2537 2797 2873 2873 fecerunt
2922 2798 3204 2893 antiqui

856 2927 1114 3016 poetae,
1151 2919 1302 3014 qui,
1358 2926 1541 2994 teste
1591 2918 1998 3012 Aristotele,
2038 2918 2341 2992 fuerunt
2375 2917 2590 3013 primi
2635 2918 3205 3013 theologizantes

853 3041 946 3115 de
995 3040 1151 3114 diis.
1181 3080 1280 3093 —
1321 3042 1443 3112 Voi
1490 3042 1677 3113 alm.
1731 3040 1943 3112 Nunc
1992 3045 2207 3133 poeta
2243 3039 2500 3112 invitat
2535 3045 2918 3133 provectos
2969 3044 3044 3112 et
3092 3037 3206 3111 in-

854 3159 1260 3255 telligentes
1312 3159 1405 3233 ad
1455 3158 1779 3233 studium
1837 3158 2058 3232 huius
2098 3158 2261 3233 libri
2276 3183 2295 3252 3
2331 3159 2531 3233 unde
2568 3159 2888 3255 dirigens
2922 3178 3207 3232 sermo-

852 3299 1028 3353 nem
1093 3277 1186 3352 ad
1257 3298 1385 3352 eos
1448 3278 1654 3353 dicit:
1725 3281 1846 3351 Voi
1896 3281 2066 3351 altri
2122 3280 2346 3370 pochi.
2416 3279 2613 3352 Bene
2676 3277 2845 3352 dicit
2865 3268 2964 3372 (³),
3033 3277 3208 3372 quia

853 3398 1216 3492 sapientes
1286 3404 1456 3472 sunt
1524 3398 1768 3493 pauci,
1836 3398 1986 3472 imo
2053 3397 2492 3493 paucissimi,
2561 3400 2679 3470 che
2745 3401 3091 3471 (innasci
3154 3400 3211 3470 il

854 3522 1059 3611 colle,
1101 3518 1304 3614 idest,
1340 3526 1560 3613 caput
1603 3519 1678 3591 in
1712 3519 1971 3612 altum,
2009 3521 2088 3591 al
2126 3540 2279 3611 pan
2327 3521 2512 3609 deyli
2560 3521 2816 3609 anyeli,
2862 3518 3064 3612 idest,
3112 3516 3204 3592 ad

855 3629 1266 3713 doctrinam
1344 3638 1607 3713 divinae
1683 3638 2004 3713 scientiae
2046 3626 2146 3732 (⁴),
2218 3660 2385 3733 quae
2453 3638 2719 3733 scripta
2786 3644 2897 3712 est
2969 3637 3207 3711 mani-

858 3760 999 3834 bus
1039 3759 1407 3855 angeliciS‚
1463 3765 1546 3832 ut
1613 3759 1767 3855 ipse
1833 3766 2048 3854 poeta
2099 3759 2382 3853 scripsit
2431 3758 2847 3853 Purgatorii
2898 3757 3203 3851 cantica,

856 3882 971 3953 del
1018 3883 1190 3974 qual
1251 3882 1464 3953 vivesi
1510 3883 1651 3971 qui,
1710 3879 1914 3972 idest,
1969 3878 2290 3973 pascitur
2350 3878 2421 3951 in
2481 3878 2620 3962 isto
2671 3878 2950 3954 mundo
3002 3899 3206 3964 mor-¹

853 3998 1006 4093 tali,
1061 4021 1181 4072 ma
1245 4021 1391 4073 non
1449 4021 1572 4072 sen
1624 4002 1778 4072 vien
1824 4001 2107 4091 salone,
2159 3997 2365 4092 idest,
2418 4018 2564 4072 non
2627 3998 2719 4073 ad
2770 3998 3203 4091 satietatem,

853 4120 1028 4211 quia
1083 4141 1226 4194 non
1281 4120 1656 4212 quietatur
1707 4119 1999 4193 animus
2050 4120 2421 4192 humanus
2481 4119 2554 4191 in
2608 4119 2741 4192 ista
2795 4119 2963 4193 vita.
3015 4119 3201 4192 Nam

851 4240 946 4314 de
999 4240 1106 4313 rei
1157 4240 1468 4315 veritate
1518 4260 1697 4314 vera
1749 4239 2049 4314 felicitas
2101 4260 2249 4313 non
2300 4239 2616 4313 habetur
2666 4238 2854 4313 inter
2906 4247 3013 4315 tot
3064 4239 3207 4311 mi-

852 4357 1081 4432 serias
1131 4360 1528 4434 humanas:
1564 4368 1696 4434 aut
1750 4360 1943 4433 enim
1984 4360 2207 4434 homo
2249 4358 2448 4454 ponit
2482 4359 2898 4434 felicitatem
2936 4360 3010 4432 in
3051 4360 3204 4434 for-

983 4548 1038 4609 (¹)
1071 4548 1131 4598 E.
1163 4562 1363 4598 arcum.
1988 4549 2043 4611 (¹)
2075 4549 2136 4599 E.
2166 4563 2270 4600 non
2302 4549 2367 4600 de
2400 4549 2497 4600 diis
2528 4551 2778 4614 gentium.

983 4624 1038 4688 (⁸)
1069 4625 1131 4675 E.
1163 4624 1289 4674 dicit
1312 4627 1479 4689 pochi,
1513 4626 1650 4690 quia.
1987 4624 2043 4689 (⁸)
2074 4625 2135 4675 E.
2169 4624 2448 4688 sapientia,
2483 4639 2575 4676 seu
2609 4626 2851 4676 scientim.
