3734 5567
877 455 1023 521 218
1597 464 2005 521 coMENTuM
2055 467 2497 521 Punonoml

876 620 1033 685 tum
1088 620 1197 686 est
1245 610 1339 685 ad
1389 608 1616 685 verba
1667 612 2132 707 angelorum,
2171 611 2266 686 ad
2301 610 2604 684 modurn
2641 632 2789 705 quo
2825 613 2949 686 nix
2987 614 3059 688 in
3093 637 3218 691 ar-

874 730 1175 805 boribus
1201 731 1438 825 primo
1467 732 1897 827 congelatur
1921 732 2015 806 ad
2051 737 2308 806 ventos
2342 730 2659 827 frigidos,
2687 731 2947 838 dein-de
2982 735 3219 830 liqua—

873 856 997 922 tur
1046 850 1140 924 ad
1192 856 1446 924 ventos
1496 849 1786 923 calidos.
1838 851 2051 925 Nunc
2098 850 2355 926 ordina
2407 850 2695 925 literam
2748 858 2822 925 et
2872 862 3218 939 construe

871 970 1011 1043 sic:
1064 974 1147 1042 Io
1191 973 1291 1062 ρι’
1316 960 1441 1060 yid
1489 961 1632 1042 cosi
1679 990 1900 1042 senza
1950 973 2249 1061 la9rime
2297 992 2335 1043 e
2383 974 2665 1063 sospiti,
2714 972 3003 1068 scilicet,
3042 996 3212 1049 cum

870 1089 1094 1163 corde
1136 1089 1475 1163 indurato
1511 1095 1583 1164 et
1618 1089 2008 1184 impetrato
2045 1090 2271 1165 nimio
2305 1090 2557 1165 dolore
2593 1098 2667 1165 et
2699 1092 3003 1188 pudore,
3048 1098 3218 1167 anzi

870 1215 926 1285 il
971 1218 1226 1283 cantar
1277 1212 1351 1283 di
1400 1213 1580 1301 quei,
1632 1210 1924 1304 scilicet,
1976 1212 2440 1307 angelorum,
2483 1214 2602 1285 che
2648 1221 2863 1286 notan
2915 1235 3213 1307 sempre,

872 1332 1082 1425 idest,
1106 1336 1399 1424 canunt,
1436 1332 1658 1403 dietro
1693 1333 1830 1404 alle
1862 1338 2019 1404 note
2053 1334 2238 1422 dequ
2267 1336 2486 1406 eterni
2514 1336 2681 1424 yiri,
2718 1333 2921 1427 idest,
2950 1355 3215 1410 secun-

873 1451 1052 1525 dum
1087 1448 1548 1523 harmoniam
1586 1455 1659 1523 et
1694 1450 2239 1544 proportionem
2268 1446 2343 1544 (¹)
2381 1454 2781 1547 coelorum3
2816 1476 2936 1527 ma
2976 1458 3045 1528 lo
3080 1458 3219 1546 ,ciel

870 1573 993 1643 che
1040 1573 1131 1643 m’
1147 1590 1280 1642 era
1325 1572 1608 1642 intorno
1649 1572 1728 1642 al
1763 1591 1937 1643 cuor
1985 1573 2316 1662 riseretlo,
2352 1571 2558 1666 idest,
2595 1574 2837 1669 gelata
2887 1574 3214 1649 confusio

872 1709 1041 1784 quae
1092 1689 1610 1785 inglaciaverat
1661 1709 1790 1763 cor
1830 1710 2113 1783 meum,
2141 1694 2313 1785 fessi
2342 1695 2590 1784 spirito
2623 1699 2690 1764 et
2718 1713 2973 1785 acqua,
3007 1693 3210 1787 idest,

870 1809 1178 1904 suspiria
1230 1815 1303 1883 et
1337 1810 1704 1904 lacrymae,
1741 1830 1779 1881 e
1810 1802 1955 1881 uso-i
1988 1812 2103 1882 del
2120 1818 2331 1905 pettO,
2369 1810 2573 1904 idest,
2610 1812 2703 1886 de
2746 1813 2969 1887 corde
3018 1812 3214 1907 quod

869 1935 978 2004 est
1030 1930 1103 2002 in
1154 1935 1474 2023 pectore,
1509 1950 1642 2001 con
1680 1932 2018 2019 anqoscia
2050 1952 2185 2022 per
2225 1935 2299 2004 la
2334 1932 2544 2004 bocca
2593 1954 2631 2005 e
2675 1955 2809 2026 per
2846 1938 2948 2025 9ίί
2994 1936 3206 2026 οσοΙιί,

869 2069 1041 2123 cum
1092 2048 1429 2145 angustia
1478 2048 1649 2142 oris,
1702 2049 1876 2143 quia
1936 2050 2177 2122 emisit
2233 2051 2563 2145 suspiria,
2618 2059 2694 2126 et
2744 2073 2918 2126 cum
2971 2073 3211 2150 angu-

869 2168 1005 2241 stia
1054 2169 1465 2261 oculorum,
1504 2167 1678 2261 quia
1730 2167 1973 2242 emisit
2024 2169 2423 2265 lacrymas3
2462 2175 2586 2263 poi
2615 2173 2805 2243 ch’io
2855 2174 3051 2245 inlesi
3097 2175 3212 2244 lor

870 2289 1213 2378 compatir
1262 2307 1311 2358 a
1360 2307 1493 2376 me,
1545 2285 1747 2380 idest,
1800 2294 2189 2382 postquam
2250 2289 2569 2364 intellexi
2632 2291 3204 2384 compassionem

869 2405 1195 2500 ipsorum
1247 2407 1681 2502 angelorum
1736 2427 1917 2503 erga
1980 2427 2121 2501 me,
2181 2411 2356 2482 nelle
2416 2411 2600 2483 dolci
2660 2417 2944 2503 compre,
3001 2410 3207 2504 idest,

868 2524 942 2599 in
976 2525 1308 2599 dulcibus
1342 2531 1415 2600 et
1452 2526 1872 2619 temperatis
1912 2527 2248 2602 cantibus
2283 2548 2570 2623 eorum,
2608 2532 2847 2622 perch’
2875 2534 3035 2620 essi,
3072 2530 3211 2604 sci-

865 2642 1054 2738 licet,
1107 2644 1368 2741 angeli,
1422 2666 1703 2717 avesser
1752 2647 1961 2736 detto,
2016 2646 2325 2721 Beatrici
2356 2640 2468 2740 (²):
2524 2653 2812 2739 Donna,
2855 2644 3112 2742 pmcne*
3152 2641 3210 2721 si

864 2767 933 2837 lo
979 2770 1331 2856 stempre?
1381 2763 1583 2858 idest,
1626 2764 2106 2859 distemperas
2140 2766 2379 2861 ipsum
2416 2768 2724 2842 Dantem
2779 2774 2853 2842 et
2904 2788 3211 2863 exaspe-

865 2905 985 2959 ras
1034 2889 1186 2958 tam
1236 2884 1476 2958 dure?
1528 2885 1746 2959 modo
1800 2885 1954 2959 redi
2007 2907 2269 2981 supra:
2329 2880 2391 2959 si
2439 2908 2632 2961 come
2694 2909 2862 2960 neve
2918 2892 2982 2961 si
3036 2907 3206 2959 con—

860 3008 1046 3097 9ela,
1104 3004 1308 3097 idest,
1360 3004 1740 3099 glaciatur,
1778 3010 1896 3077 tra
1935 3009 1997 3079 le
2039 3008 2189 3078 vive
2222 3009 2434 3098 travi,
2470 3006 2674 3107 idest,
2716 3005 3044 3099 arbores,
3072 3026 3206 3099 per

861 3125 931 3194 lo
979 3123 1189 3194 dosso
1240 3124 1307 3195 α’
1334 3126 1569 3213 Italia,
1622 3123 1825 3214 idest,
1864 3143 1996 3217 per
2037 3125 2309 3220 jugum
2354 3125 2620 3198 montis
2659 3125 3040 3220 Apennini,
3076 3125 3202 3220 qui

859 3240 1109 3314 dividit
1158 3246 1387 3314 totam
1438 3242 1715 3316 Italiam
1770 3263 1903 3336 per
1953 3243 2281 3318 medium
2333 3244 2427 3317 ab
2488 3244 2773 3339 alpibus
2827 3266 3066 3340 usque
3116 3244 3207 3319 ad

860 3362 1177 3456 pharum
1213 3360 1469 3435 Siciliae
1480 3385 1500 3455 3
1538 3361 1686 3456 nix,
1722 3361 1907 3456 dico,
1936 3367 2234 3455 soffiata,
2270 3364 2473 3458 idest,
2510 3364 2837 3458 perflata,
2866 3385 2904 3436 e
2936 3372 3199 3457 melta,

861 3480 1063 3574 idest,
1117 3482 1521 3576 congelata,
1573 3484 1747 3556 dalla·
1798 3486 1979 3556 venti
2025 3485 2314 3571 schiavi,
2350 3482 2554 3577 idest,
2592 3483 3035 3579 borealibus,
3079 3482 3203 3578 qui

858 3600 1163 3675 veniunt
1212 3621 1259 3673 a
1307 3602 1830 3697 septemtrione
1881 3610 1956 3677 et
2008 3608 2390 3678 transeunt
2421 3623 2554 3697 per
2589 3602 3048 3678 Sclavoniam
3086 3623 3207 3677 re-

857 3719 1177 3816 gionem,
1232 3720 1355 3795 ubi
1407 3727 1578 3795 sunt
1629 3743 1809 3796 vere
1872 3722 2104 3819 rigidi,
2158 3722 2348 3796 sicut
2409 3721 2894 3815 experiuntur
2960 3721 3205 3795 miseri

858 3839 1228 3933 naucleri3
1272 3844 1399 3933 poi
1446 3843 1827 3936 liquefatca,
1883 3841 2087 3936 idest,
2142 3841 2466 3915 resoluta
2498 3830 2598 3933 (³),
2651 3843 2951 3932 trapela,
3001 3840 3204 3934 idest,

856 3958 1171 4054 distillat,
1206 3980 1251 4033 a
1293 3960 1529 4055 simili,
1565 3955 1625 4033 εὶ
1656 3963 1775 4034 che
1817 3964 2031 4054 fuoco
2058 3981 2202 4053 par
2230 3962 2492 4055 fonder
2526 3961 2599 4032 la
2634 3961 2954 4049 candela,
2997 3958 3207 4052 quasi

856 4076 1069 4171 dicat,
1123 4078 1311 4153 sicut
1360 4099 1533 4154 cera
1582 4079 1919 4173 liquescit
1967 4079 2059 4155 ad
2112 4080 2385 4176 ignem,
2422 4078 2520 4153 ita
2577 4078 2703 4152 nix
2755 4078 2849 4152 ad
2899 4084 3206 4152 ventum

858 4197 1280 4270 australem.
1335 4197 1539 4272 Unde
1590 4197 1793 4272 dicit:
1839 4219 1984 4291 pur
2016 4202 2137 4272 che
2168 4201 2241 4272 la
2277 4206 2497 4290 terra,
2533 4197 2831 4291 scilicet,
2865 4197 3203 4272 australis

857 4312 1175 4388 existens
1225 4316 1363 4389 sub
1399 4317 1907 4411 aequinoctiali,
1944 4320 2062 4390 che
2090 4322 2318 4411 perde
2356 4319 2635 4410 ombra,
2676 4318 2872 4412 quia,
2910 4318 3198 4411 scilicet,

980 4575 1034 4638 (¹)
1067 4576 1128 4626 E.
1162 4578 1537 4640 proportiones.
1727 4576 1784 4643 (³)
1816 4579 1878 4631 13.
1911 4580 2107 4632 scilicet
2136 4581 2375 4633 Beatrici.
2567 4579 2622 4642 (⁸)
2653 4579 2714 4629 Ε.
2752 4579 3016 4630 dissoluta.
