3734 5567
1422 479 1697 534 CANrth
1746 479 2037 534 ramus.
2312 439 2319 446 ’
2756 468 2895 537 313

547 635 841 724 pertum
877 629 1018 701 hoc
1070 626 1145 699 in
1197 624 1449 721 pennis
1482 625 1798 718 alarum,
1832 624 1934 698 ita
1970 625 2258 699 volatus
2293 625 2498 699 istius
2535 626 2905 701 altissimae

547 749 816 844 aquilae
864 746 1209 842 deprimit
1262 746 1590 820 volatum
1624 744 1940 818 aliarum
1985 744 2458 819 scientiarum
2518 766 2686 840 quae
2735 755 2908 822 sunt

551 869 803 963 tardae,
855 869 1042 943 sicut
1094 886 1394 942 anseres
1445 870 1782 960 respectu
1832 864 2102 958 aquilae
2133 857 2231 958 (¹).
2269 866 2395 940 Est
2428 867 2651 941 etiam
2700 889 2906 963 quae-

550 990 721 1064 dam
778 988 1220 1063 nobilissima
1271 985 1540 1080 aquila,
1594 1005 1763 1080 quae
1815 1005 1964 1059 non
2015 984 2427 1080 depascitur
2492 985 2628 1060 nisi
2680 986 2904 1062 corda

552 1110 866 1183 aliarum
919 1108 1194 1202 avium,
1248 1126 1432 1201 quas
1483 1104 1676 1200 capit
1725 1104 1800 1178 in
1851 1104 2389 1179 nutrimentum
2425 1106 2579 1200 sui3
2621 1107 2722 1181 ita
2765 1106 2901 1181 ista

555 1228 1000 1302 nobilissima
1050 1226 1523 1301 scientiarum
1585 1225 1826 1299 solum
1897 1225 2088 1320 capit
2152 1227 2490 1320 quaedam
2552 1226 2900 1322 principia

552 1348 890 1422 aliarum.
946 1347 1050 1422 Ad
1103 1347 1388 1422 literam
1444 1365 1626 1442 ergo
1676 1345 1847 1420 dicit
1897 1351 2147 1440 poeta:
2215 1350 2503 1439 aauylia
2557 1341 2643 1439 si,
2695 1347 2898 1442 idest,

553 1472 704 1543 tam
741 1467 1075 1561 firmiter,
1109 1487 1254 1540 non
1291 1468 1394 1557 qli
1424 1468 1722 1557 s'affisse
1762 1484 2157 1560 αηᾳυαηοο,
2201 1467 2409 1561 quasi
2440 1466 2665 1542 dicat:
2703 1467 2900 1562 quod

550 1587 799 1681 aquila
850 1586 1249 1681 corporalis
1300 1605 1446 1659 non
1499 1591 1648 1659 tam
1701 1584 1848 1659 fixe
1897 1584 2229 1659 intuetur
2269 1587 2499 1661 solem
2552 1607 2902 1682 corpora-

550 1705 721 1800 lem,
774 1705 963 1780 sicut
1012 1705 1148 1780 ista
1199 1704 1501 1780 scientia
1551 1703 1942 1799 spiritualis
1991 1705 2224 1779 solem
2275 1706 2728 1800 spiritualem
2776 1707 2902 1800 qui

547 1826 749 1900 Deus
798 1831 929 1899 est.
985 1827 1076 1899 Et
1134 1826 1251 1900 hic
1315 1830 1488 1899 nota
1553 1823 1745 1899 bene
1814 1824 2013 1919 quod
2075 1834 2294 1902 autor
2360 1826 2634 1921 optime
2696 1825 2903 1921 dicit3

552 1945 903 2041 quoniam
956 1945 1202 2039 aquila
1256 1965 1402 2018 non
1454 1950 1697 2039 posset
1765 1944 1957 2019 bene
2023 1944 2387 2040 respicere
2439 1951 2678 2021 rotam
2736 1946 2906 2021 solis

552 2084 647 2139 ex
698 2065 851 2139 sola
903 2064 1097 2139 oculi
1147 2064 1489 2159 puritate,
1532 2063 1706 2157 quia
1756 2064 1888 2136 lux
1938 2064 2109 2138 solis
2156 2064 2570 2159 fortissima,
2616 2064 2905 2140 calidis-

551 2184 737 2260 sima
801 2204 1025 2279 super
1093 2183 1391 2259 oculum
1453 2182 1824 2277 spericum
1894 2189 1970 2258 et
2027 2183 2336 2278 politum
2402 2185 2569 2259 facit
2633 2186 2904 2260 multas

555 2305 987 2381 reflexiones
1056 2302 1433 2378 radiorum
1484 2302 1579 2377 ad
1629 2302 1961 2377 medium
2011 2304 2230 2398 oculi,
2282 2304 2409 2377 ubi
2467 2311 2578 2379 est
2628 2306 2901 2378 humor

550 2425 895 2523 glaciaIiS,
931 2424 1005 2497 in
1056 2444 1206 2518 quo
1255 2424 1664 2519 sigillantur
1715 2424 1975 2498 formae
2021 2424 2436 2520 visibilium,
2486 2431 2562 2499 et
2598 2424 2902 2500 reflexio

551 2546 674 2620 illa
727 2543 1055 2630 calefacit
1105 2549 1178 2618 et
1228 2543 1550 2618 dissolvit
1599 2544 1993 2620 humorem
2047 2544 2294 2639 illum;
2344 2544 2508 2619 ideo
2556 2545 2754 2619 oculi
2790 2545 2902 2619 la-

551 2670 985 2763 crymantur
1021 2663 1314 2758 quando
1367 2663 1530 2757 quis
1580 2663 1776 2738 videt
1825 2663 2154 2738 lucidum
2200 2664 2584 2741 excellens,
2621 2664 2899 2738 Oculus

551 2785 747 2860 enim
800 2789 910 2858 est
961 2783 1176 2879 quasi
1227 2783 1610 2878 speculum
1646 2782 2059 2858 animatum
2103 2803 2557 2878 convexum3
2594 2784 2723 2859 sed
2765 2805 2899 2859 na-

509 2911 721 2978 ·tura
773 2904 1003 2978 solers
1054 2910 1130 2977 et
1180 2923 1408 2998 sagax
1468 2900 1664 2976 dedit
1726 2902 1995 2997 aquilae
2060 2902 2408 2998 pupillam
2470 2903 2760 2999 nigram
2824 2911 2900 2978 et

551 3024 713 3098 cilia
762 3044 1040 3119 grossa,
1094 3028 1180 3095 ut
1228 3022 1493 3097 melius
1546 3022 1871 3117 resistat3
1907 3028 1982 3097 et
2017 3028 2266 3097 tamen
2300 3045 2449 3098 nou
2481 3029 2725 3120 posset
2762 3023 2903 3098 hoc

552 3143 796 3217 facere
845 3140 994 3235 diu,
1034 3141 1208 3235 quia
1259 3142 1533 3215 humor
1568 3141 1685 3216 ille
1719 3141 2024 3238 frigidus
2057 3142 2580 3219 dissolveretur
2615 3152 2691 3219 et
2728 3164 2897 3219 cor-

554 3268 1069 3356 rumperetur:
1108 3259 1296 3334 sicut
1329 3259 1565 3334 simile
1598 3259 1932 3337 videmus
1967 3261 2041 3334 in
2076 3261 2538 3338 salamandra
2566 3284 2736 3358 quae
2761 3263 2897 3337 ali-

552 3381 876 3477 quandiu
932 3381 1110 3456 vivit
1160 3381 1234 3454 in
1283 3379 1475 3476 igne,
1528 3380 1702 3475 quia
1766 3380 2245 3477 frigidissimae
2310 3390 2598 3457 naturae
2658 3383 2896 3457 extin-

550 3503 711 3598 guit
771 3501 1019 3597 ignem
1084 3499 1272 3574 sicut
1334 3500 1645 3596 glacies3
1712 3500 1838 3575 sed
1906 3501 1966 3575 si
2034 3502 2159 3576 diu
2225 3503 2506 3577 steterit
2578 3503 2653 3577 in
2728 3504 2898 3600 igne

552 3620 870 3695 vincitur
920 3624 994 3693 et
1043 3619 1382 3693 moritur.
1438 3619 1636 3694 Bene
1686 3639 1868 3716 ergo
1919 3621 2087 3695 dicit
2139 3628 2351 3716 poeta
2404 3622 2601 3716 quod
2649 3624 2896 3717 aquila

551 3758 936 3833 nunquam
983 3738 1301 3833 respexit
1349 3739 1604 3834 solem,
1639 3739 1829 3814 sicut
1880 3728 2460 3817 nunc'Beatrix:
2499 3764 2668 3818 nam
2711 3763 2896 3818 ocu-

549 3859 665 3934 lus
716 3857 1223 3933 intellectualis
1273 3857 1708 3952 purissimus
1765 3858 1974 3934 istius
2030 3859 2347 3935 dominae
2396 3869 2672 3956 quanto
2730 3861 2897 3936 diu-

552 3979 694 4053 tius
744 3986 820 4053 et
868 3978 1086 4052 fixius
1137 3977 1430 4072 respicit
1479 3979 1710 4054 solem
1761 3986 2151 4075 aeternum,
2204 3986 2406 4055 tanto
2469 3981 2728 4056 fortius
2786 3982 2898 4058 vi-

550 4104 857 4191 goratur
909 4104 982 4172 et
1032 4096 1493 4172 convalescit.
1521 4137 1621 4152 —
1643 4103 1711 4171 E
1752 4091 1816 4170 si
1864 4120 2074 4172 come.
2128 4098 2259 4173 Hic
2307 4106 2526 4195 poeta
2585 4102 2899 4177 ostendit

551 4216 920 4308 quomodo
955 4218 1189 4292 factus
1223 4223 1335 4292 oet
1368 4224 1626 4313 potens
1658 4217 1752 4293 ad
1790 4218 2329 4315 respiciendum
2365 4223 2591 4297 solem
2623 4224 2897 4301 virtute

551 4332 898 4408 Beatricis
959 4355 1092 4431 per
1150 4336 1775 4433 comparationem
1840 4340 2175 4434 pulcram
2227 4346 2303 4415 et
2351 4342 2759 4439 propriam3
2819 4352 2895 4420 et

677 4596 731 4658 (¹)
762 4594 823 4645 B.
857 4594 1058 4659 aquilae,
1092 4595 1287 4647 scilicet
1318 4598 1542 4649 scientim
1573 4598 1731 4649 huius
1762 4598 2054 4663 theologias.
2088 4599 2197 4650 Est.
