3734 5567
867 497 1010 563 258
1582 504 1990 559 coMEN‘ruM
2039 503 2484 557 PURGATORn

867 653 1194 748 perbiam
1223 656 1601 745 potentum
1643 650 2136 743 superborum
2169 647 2367 740 quod
2404 648 2573 722 facit
2614 654 2851 722 tantas
2886 654 3207 744 strages3

865 773 1040 845 com'
1059 774 1130 843 io
1180 773 1324 844 vidi
1354 774 1559 844 calar
1604 772 1646 843 ἴ
1665 773 1853 841 uccel
1882 771 1958 841 di
1996 771 2234 860 θέουσι,
2272 768 2475 861 idest,
2502 768 2948 843 descendere
2996 767 3211 862 aqui-

868 892 1038 984 lam,
1092 910 1262 984 quae
1325 889 1589 964 dicitur
1637 889 1794 964 avis
1845 888 2065 982 lovis,
2118 893 2203 961 ut
2254 888 2527 962 dictum
2584 894 2697 962 est
2741 888 2840 962 IX
2891 889 3209 983 capitulo

866 1009 1086 1083 buius
1120 1009 1557 1104 Purgatorii,
1594 1015 1668 1082 et
1707 1008 1993 1081 dicetur
2043 1006 2134 1079 Vl
2184 1007 2528 1102 Paradisi,
2557 1029 2698 1100 per
2741 1009 3038 1100 l’arbor,
3088 1008 3208 1082 cui

868 1134 1028 1206 erat
1060 1129 1399 1225 alligatus
1424 1148 1715 1221 curruS,
1741 1123 1889 1218 qia,
1913 1130 2302 1219 rompendo
2326 1130 2511 1200 della
2543 1148 2826 1222 scorza,
2856 1148 3024 1221 quae
3051 1136 3212 1202 erat

867 1249 1145 1343 durior,
1195 1270 1340 1322 non
1388 1251 1508 1321 che
1554 1250 1661 1320 de’
1681 1250 1878 1339 fiori,
1929 1246 2110 1321 idest
2168 1246 2440 1320 nedum
2509 1246 2602 1320 de
2653 1247 2952 1320 floribus
3005 1246 3211 1321 novis

868 1368 993 1462 qui
1045 1376 1256 1444 erant
1306 1367 1709 1444 teneriores
1738 1360 1840 1461 ('),
1877 1389 1915 1440 e
1947 1370 2120 1440 delle
2144 1370 2361 1460 soylie
2394 1388 2653 1460 nuove,·
2691 1368 2865 1462 quia
2902 1389 3048 1442 non
3085 1389 3209 1444 so-

867 1488 1024 1560 lum
1061 1488 1486 1563 christianos
1522 1487 1845 1561 novellos
1888 1506 2125 1581 nuper
2166 1507 2583 1581 conversoS,
2621 1487 2748 1560 sed
2790 1488 3013 1561 etiam
3050 1487 3205 1582 jam

870 1605 1199 1680 firmatos
1247 1607 1322 1680 in
1373 1606 1513 1681 fide
1563 1606 1956 1700 percussit:
2012 1611 2088 1680 et
2136 1606 2294 1679 baec
2346 1612 2456 1680 est
2508 1606 2829 1681 secunda
2891 1607 3205 1679 duarum

871 1725 1475 1819 despoliationum
1509 1725 1602 1800 de
1637 1726 1906 1819 quibus
1942 1725 2227 1799 dicetur
2263 1724 2447 1800 infra
2486 1727 2803 1821 capitulo
2847 1726 3205 1821 proximo.

869 1845 1143 1920 Deinde
1193 1846 1287 1919 ab
1336 1845 1605 1919 arbore
1655 1845 2018 1919 convertit
2066 1844 2260 1918 vires
2323 1865 2495 1919 suas
2555 1850 2812 1920 contra
2863 1866 3208 1938 currum;

872 1964 1068 2038 unde
1134 1964 1343 2038 dicit:
1404 1988 1442 2038 e
1502 1967 1687 2057 serio
1753 1967 1808 2037 il
1865 1984 2111 2054 carm,
2176 1964 2469 2058 scilicet,
2522 1964 2793 2060 bigam,
2846 1987 2978 2038 con
3044 1972 3213 2038 tutta

868 2105 1002 2157 sua
1045 2089 1290 2178 sorza,
1342 2091 1425 2156 ut
1475 2083 2007 2156 exterminaret
2058 2083 2440 2157 ecclesiam
2489 2085 2933 2179 primitivam
2998 2082 3211 2158 novi-

872 2211 986 2277 ter
1035 2204 1537 2298 pullulantem,
1590 2203 1714 2277 sed
1768 2203 2203 2276 subvertere
2260 2224 2406 2277 non
2466 2205 2723 2299 potuit,
2775 2203 2937 2278 ideo
2999 2203 3209 2277 dicit:

873 2325 1036 2395 ond’
1058 2325 1146 2412 ei,
1180 2322 1332 2417 ipse
1381 2343 1670 2415 currus,
1697 2315 1908 2414 pieyd
1957 2342 2149 2394 come
2180 2326 2468 2395 navem
2508 2328 2829 2416 fortuna,
2876 2328 3214 2416 tempore

874 2442 1353 2537 tempestatis»,
1416 2446 1605 2515 vinta
1664 2444 1832 2514 dall’
1866 2444 2071 2532 onde,
2141 2442 2347 2535 idest,
2422 2443 2896 2518 fluctuatione
2963 2443 3212 2536 maris,

872 2582 962 2634 or
1012 2564 1109 2634 da
1160 2565 1427 2653 poyyia
1475 2583 1563 2633 or
1622 2564 1719 2634 da
1791 2582 2001 2654 orza,
2067 2562 2271 2655 idest,
2334 2583 2531 2636 nunc
2589 2563 2685 2637 ab
2743 2584 2896 2637 uno
2961 2564 3213 2654 latere,

872 2702 1070 2755 nunc
1120 2682 1213 2755 ab
1264 2682 1440 2775 alio;
1494 2688 1663 2755 sunt
1713 2681 1908 2755 enim
1971 2681 2121 2755 duo
2183 2680 2383 2755 fineS.
2462 2682 2550 2755 Et
2599 2683 2716 2756 bic
2778 2689 2949 2758 nota
3011 2681 3208 2778 quod

870 2800 1207 2874 navicula
1260 2801 1452 2875 Petri
1505 2801 1898 2895 aliquando
1949 2801 2287 2893 flectitur,
2324 2801 2451 2874 sed
2504 2823 2884 2895 nunquam
2939 2802 3216 2898 mergi-

872 2926 1028 2993 tur:
1071 2922 1268 2994 unde
1294 2912 1370 3013 (²)
1406 2923 1603 2995 mille
1637 2921 2103 2995 crudelitates
2138 2921 2445 2995 Neronis
2485 2923 2611 3015 qui
2650 2922 2961 2997 faciebat
2995 2943 3216 2998 omne

870 3041 1075 3115 triste
1124 3041 1521 3114 ludibrium
1572 3040 1664 3115 de
1722 3041 2152 3132 christianiS,
2209 3048 2291 3113 ut
2354 3042 2581 3116 refert
2642 3044 3021 3117 Cornelius
3078 3043 3218 3117 Ta—

869 3159 1078 3251 citus»,
1131 3165 1469 3253 poterant
1519 3180 1903 3252 nunquam
1957 3160 2395 3234 convincere
2429 3161 2611 3252 illos,
2646 3162 2738 3235 de
2791 3184 2941 3255 quo
2993 3163 3218 3238 mira-

871 3277 1143 3351 bantur
1178 3297 1457 3350 omneS.
1480 3283 1865 3351 —Poscia.
1905 3279 2033 3353 Hic
2067 3287 2283 3373 poeta
2318 3279 2672 3376 descripta
2710 3283 3219 3376 persecutione

873 3396 1060 3470 facta
1114 3417 1245 3491 per
1295 3397 1470 3490 vim,
1525 3419 1721 3472 nunc
1771 3399 2112 3472 describit
2171 3400 2568 3473 secundam
2631 3403 3215 3496 persecutionem

875 3515 1139 3590 factam
1196 3537 1327 3611 per
1377 3516 1751 3610 fraudem3
1804 3524 1880 3591 et
1913 3519 2241 3591 similiter
2278 3520 2504 3615 tangit
2540 3520 2678 3593 sub
2719 3520 2956 3616 figura
2991 3542 3219 3618 gene-

878 3636 1107 3709 ralem
1146 3643 1220 3711 et
1252 3636 1639 3731 pessimam
1677 3639 2263 3733 persecutionem
2302 3639 2843 3714 haereticorum.
2875 3642 3218 3717 Cessante

878 3755 1072 3829 enim
1126 3760 1634 3851 persecutione
1686 3759 2093 3855 principum
2158 3779 2289 3853 per
2339 3760 2917 3854 Constantinum,
2970 3782 3215 3856 coepe-

878 3882 1054 3949 runt
1114 3878 1478 3973 pullulare
1540 3880 1854 3953 baereses
1911 3879 2161 3952 multae
2213 3887 2287 3952 et
2338 3880 2586 3973 variae,
2656 3903 2840 3974 quas
2866 3873 2939 3973 (⁸)
3011 3902 3219 3956 com-

877 3998 1218 4091 plectitur
1266 3999 1404 4072 sub
1457 4019 1607 4072 una
1658 3999 1880 4093 vulpe
1930 3998 2415 4072 fraudulenta.
2460 4000 2644 4072 Dicit
2693 4020 2910 4096 ergo:
2966 4003 3219 4073 Poscia

877 4119 1020 4189 vidi
1067 4139 1213 4189 una
1263 4121 1487 4208 vome,
1539 4116 1740 4210 idest,
1794 4126 2171 4192 versutam
2225 4119 2567 4192 astutiam
2623 4122 3029 4195 multorum
3070 4122 3222 4194 bae-

883 4235 1307 4330 reticorum,
1343 4237 1529 4309 sicut
1578 4237 1865 4331 Sabelli,
1910 4237 2056 4310 Arii
2111 4243 2183 4312 et
2216 4238 2558 4333 aliorum,
2596 4244 2998 4313 avventarsi
3036 4243 3221 4314 nella

878 4373 1089 4443 cuna,
1151 4354 1355 4447 idest,
1416 4364 1751 4431 ventrem
1812 4358 1927 4430 vel
1988 4358 2383 4453 gremium,
2438 4360 2612 4452 quia
2681 4359 3005 4435 baeretici
3074 4382 3219 4435 non

1005 4611 1062 4674 (¹)
1093 4612 1154 4663 E.
1188 4614 1465 4665 tenuiores.
1587 4616 1643 4680 (¹)
1677 4617 1739 4667 E.
1770 4617 1910 4668 unde
1942 4617 2102 4668 nulle
2135 4617 2481 4669 crudelitates.
2629 4616 2684 4682 (⁸)
2719 4621 2828 4679 117,
2861 4630 2990 4681 quas
3023 4630 3221 4667 omnes.
