3734 5567
820 481 961 548 350
1603 489 2011 545 commun
2061 490 2391 544 PARAmsl

815 642 1087 715 diverse
1135 659 1541 730 conveynon
1589 657 1777 710 esser
1820 639 2049 730 fructi,
2090 636 2297 731 idest,
2340 636 2666 730 effectuS‚
2719 640 2795 711 di
2834 639 3167 730 principii

810 762 1128 854 formali,
1164 759 1367 852 idest,
1403 756 1496 831 de
1540 755 1905 851 principiis
1938 756 2243 831 diversis
2278 776 2675 831 causarum
2711 757 3157 853 formalium,

817 903 856 953 e
905 882 1083 971 quei,
1136 878 1426 970 scilicet,
1479 875 1848 972 principia,
1900 880 2352 967 sequitemno
2415 879 2718 951 distructi
2765 898 2815 950 a
2864 885 2982 952 tua
3029 900 3161 952 ra—

812 1004 1007 1093 yion,
1042 1000 1244 1091 idest,
1295 996 1701 1073 secundum
1755 995 2116 1071 rationem
2170 1018 2396 1094 quam
2449 996 2676 1071 fecisti
2728 996 2822 1073 de
2874 1019 3046 1073 raro
3083 1006 3159 1073 et

815 1121 1062 1212 denso,
1109 1123 1281 1213 faor
1327 1121 1428 1190 ch’
1453 1138 1620 1209 uno,
1656 1116 1860 1210 idest,
1898 1122 2167 1212 praeter
2219 1139 2452 1190 unum
2506 1117 2969 1214 principium,
3023 1120 3162 1194 sci-

812 1240 979 1315 licet
1039 1260 1291 1314 rarum
1343 1244 1417 1313 et
1476 1236 1811 1312 densum.
1867 1237 2017 1312 Nec
2080 1235 2276 1311 dicas
2337 1237 2536 1331 quod
2598 1244 2817 1313 autor
2882 1238 3000 1313 hic
3050 1240 3159 1314 lo-

814 1366 1089 1455 quatur
1136 1358 1230 1432 de
1278 1358 1454 1451 Deo,
1491 1357 1678 1431 sicut
1713 1356 1926 1430 multi
1976 1356 2400 1452 ignoranter
2447 1357 2819 1451 dixerunt,
2856 1359 3031 1453 quia
3064 1358 3160 1434 de

814 1481 967 1554 Deo
1014 1479 1290 1554 diceret
1349 1498 1613 1555 verum
1676 1484 1919 1571 autor,
1980 1476 2167 1550 sicut
2232 1477 2417 1552 infra
2484 1478 2758 1573 patebit
2816 1479 2892 1551 in
2957 1480 3161 1554 solu-

817 1601 1009 1675 tione
1039 1593 1112 1692 (’)
1165 1598 1603 1694 quaestionis.
1657 1597 1800 1673 Sed
1851 1598 1969 1671 hic
2018 1605 2192 1671 nota
2245 1598 2442 1692 quod
2496 1599 2683 1672 ratio
2729 1620 2955 1693 quam
2991 1599 3159 1674 facit

811 1720 927 1795 hic
974 1726 1214 1814 autor,
1269 1740 1416 1794 non
1465 1717 1757 1793 videtur
1801 1717 2203 1812 procedere
2252 1718 2423 1811 quia
2462 1738 2607 1792 non
2645 1724 2755 1793 est
2797 1718 3032 1792 simile
3064 1718 3160 1793 de

808 1839 966 1914 aliis
1015 1839 1236 1914 stellis
1302 1847 1376 1913 et
1443 1837 1642 1932 luna,
1712 1837 1886 1931 quia
1935 1858 2193 1912 omnes
2253 1837 2479 1911 stellae
2538 1837 3045 1912 illuminantur
3112 1857 3159 1911 a

809 1960 963 2033 sole
996 1958 1404 2033 secundum
1460 1965 1697 2031 totum
1753 1962 2020 2051 praeter
2070 1958 2371 2031 lunam:
2426 1965 2535 2031 est
2570 1957 2762 2031 enim
2812 1977 2955 2031 una
2991 1976 3160 2051 pars

812 2080 1008 2153 lunae
1058 2079 1435 2172 aliquanto
1488 2077 1727 2152 rarior
1776 2078 2044 2172 altera;
2100 2077 2296 2152 unde
2345 2084 2454 2152 est
2511 2077 2628 2151 hic
2678 2077 2893 2151 altius
2945 2097 3158 2172 repe-

809 2197 1138 2291 tendum,
1175 2197 1373 2292 quod
1410 2217 1670 2272 omnes
1719 2197 1945 2271 stellae
1997 2198 2357 2292 recipiunt
2407 2197 2660 2271 lumen
2712 2217 2759 2271 a
2809 2197 2985 2291 sole,
3028 2196 3156 2271 sed

809 2324 1057 2391 tamen
1126 2317 1199 2391 in
1258 2318 1672 2412 receptione
1735 2316 2031 2390 luminis
2098 2323 2205 2391 est
2269 2316 2676 2391 differentia
2744 2316 3150 2391 secundum

806 2435 1301 2512 diversitatem
1354 2437 1741 2512 nobilitatis
1794 2444 2100 2511 naturae.
2150 2436 2501 2524 Quaedam
2556 2437 2749 2511 enim
2794 2443 2966 2510 sunt
3014 2459 3155 2532 pu-

811 2554 1116 2629 rissimae
1156 2563 1232 2631 et
1263 2557 1728 2631 nobilissimae
1760 2556 2314 2652 dyaphanitatis,
2349 2556 2451 2631 ita
2486 2557 2683 2651 quod
2720 2557 2976 2636 lumen
3007 2563 3157 2632 sta-

808 2677 935 2751 tim
989 2684 1326 2772 penetrat
1394 2684 1629 2752 totum
1694 2698 1963 2771 corpus
2023 2678 2270 2772 stellae,
2324 2683 2397 2751 et
2455 2682 2692 2751 totum
2756 2698 3024 2772 corpus
3076 2676 3155 2752 fit

809 2797 1132 2872 lucidum
1183 2820 1373 2894 puro
1436 2798 1716 2873 lumine
1768 2805 1919 2872 tam
1973 2819 2068 2873 ex
2134 2805 2342 2893 parte
2407 2819 2576 2893 quae
2637 2819 2772 2873 nos
2836 2799 3149 2894 respicit,

806 2937 1029 3011 quam
1083 2939 1179 2993 ex
1231 2926 1437 3013 parte
1484 2938 1700 2993 versa
1734 2918 1827 2991 ad
1863 2918 2134 3011 solem3
2187 2925 2262 2992 et
2314 2919 2566 2993 lumen
2611 2918 2865 2995 talium
2903 2921 3149 2995 stella-

807 3059 973 3111 rum
1028 3059 1176 3112 non
1208 3038 1523 3113 declinat
1556 3039 1628 3111 in
1663 3038 1911 3129 aliquo
1945 3060 1991 3113 a
2027 3038 2368 3132 candore,
2405 3039 2594 3113 sicut
2625 3045 2823 3134 patet
2859 3040 2930 3112 in
2972 3041 3153 3116 Jove

805 3164 878 3231 et
928 3157 1293 3250 aliquibus
1343 3158 1519 3231 aliis,
1572 3158 1925 3245 Quaedam
1968 3164 2222 3232 autem
2264 3158 2430 3233 licet
2468 3158 2734 3232 statim·
2761 3167 3153 3254 penetren-

807 3285 928 3352 tur
981 3276 1283 3372 lumine,
1333 3284 1606 3372 tamen,
1649 3278 1821 3372 quia
1874 3299 2141 3373 corpus
2192 3299 2452 3353 earum
2511 3298 2654 3352 non
2705 3286 2816 3354 est
2864 3279 2963 3354 ita
3016 3301 3150 3355 no-

803 3396 969 3491 bile,
1023 3397 1274 3471 lumen
1324 3397 1635 3472 declinat
1684 3397 1777 3473 ad
1838 3399 2213 3493 ruborem,
2266 3398 2453 3473 sicut
2512 3405 2621 3473 est
2679 3400 3147 3474 manifestum

802 3515 875 3589 in
926 3516 1175 3590 Marte.
1210 3517 1293 3591 In
1344 3517 1782 3611 quibusdam
1828 3525 2078 3593 autem
2118 3519 2371 3599 lumen
2406 3518 2718 3593 declinat
2756 3519 2849 3594 ad
2884 3521 3151 3595 obscu-

803 3635 1092 3710 ritatem
1146 3636 1331 3712 sicut
1381 3638 1454 3711 in
1507 3638 1862 3713 Saturno:
1904 3638 1975 3712 in
2017 3640 2463 3733 quibusdam
2518 3639 2611 3714 ad
2661 3640 2987 3715 colorem
3038 3643 3149 3716 la-

797 3762 1070 3853 cteum,
1122 3758 1309 3833 sicut
1359 3759 1435 3832 in
1484 3759 1833 3834 Gallasia:
1888 3765 1963 3834 et
2027 3759 2097 3832 in
2164 3760 2603 3853 quibusdam
2646 3760 2739 3834 ad
2792 3762 3142 3856 pallorem

797 3877 985 3952 sicut
1034 3878 1107 3952 in
1157 3877 1484 3971 Venere3
1533 3878 1662 3953 sed
1715 3885 1964 3952 tamen
2027 3878 2100 3952 in
2160 3879 2503 3955 omnibus
2565 3879 2718 3953 istis
2781 3886 2890 3955 est
2940 3886 3143 3957 tanta

795 3998 1158 4092 pervietas
1185 3990 1260 4092 (²)
1298 3999 1493 4094 quod
1529 3998 1771 4073 statim
1808 3999 1883 4072 in
1921 3999 2338 4093 receptione
2373 4000 2665 4075 luminis
2703 4007 2938 4076 totum
2975 4023 3145 4078 cor-

794 4139 931 4212 pus
980 4119 1207 4192 stellae
1239 4117 1694 4192 illuminatur
1728 4119 2137 4193 secundum
2177 4125 2402 4194 totam
2441 4119 2931 4216 superficiem,
2970 4143 3144 4217 pro-

795 4237 1225 4314 funditatem
1277 4246 1352 4314 et
1400 4238 1857 4315 altitudinem
1920 4259 2013 4314 ex
2073 4242 2271 4315 omni
2335 4247 2562 4337 parte.
2631 4242 2835 4316 Luna
2887 4251 3140 4319 autem

798 4357 961 4432 licet
1010 4359 1101 4433 sit
1150 4379 1420 4455 corpus
1461 4360 1735 4455 quintae
1770 4361 2124 4455 essentiae,
2162 4368 2272 4437 est
2311 4368 2561 4437 tamen
2611 4365 2977 4439 terrestris
3013 4388 3145 4442 na-

918 4616 973 4680 (¹)
1005 4620 1051 4678 4,
1084 4617 1186 4669 fluo
1218 4618 1527 4682 questionis.
2138 4620 2194 4684 (Ὅ
2227 4624 2288 4674 Ε.
2321 4625 2535 4688 puritas.
