3734 5567
2798 494 2890 559 67

554 907 884 977 CANTUS
944 906 1409 975 v1GEsnuus
1469 863 1890 986 QUARTUS,
1937 907 2049 972 ubi
2105 912 2340 973 tractat
2394 908 2472 974 de
2529 910 2774 990 asam,
2836 919 2898 979 et

712 1022 877 1086 sicut
916 1019 1226 1086 Fore-sius
1268 1019 1497 1085 multos
1539 1019 1793 1084 illorum
1835 1019 2185 1084 nominavit
2227 1017 2436 1084 Danti
2479 1025 2538 1084 et
2566 1024 2893 1105 proeczpue

706 1130 1187 1215 Bonaqiuntam
1238 1128 1598 1196 orbico-iani
1641 1130 1718 1195 de
1761 1128 1956 1207 Luca,
2018 1130 2127 1212 qui
2183 1129 2351 1194 dixit
2407 1127 2616 1195 Danti
2676 1132 2894 1215 aliqua

705 1242 932 1324 futura
969 1241 1046 1308 de
1087 1242 1339 1308 civitate
1365 1240 1573 1320 Lucae,
1606 1247 1668 1307 et
1703 1240 1780 1307 de
1809 1241 1960 1306 aliis
1987 1240 2203 1305 multis
2215 1264 2236 1321 ,·
2270 1246 2330 1305 et
2356 1243 2428 1305 in
2472 1243 2601 1324 fine
2643 1244 2892 1311 invene-

706 1360 861 1418 runt
903 1354 1191 1419 arborem
1232 1354 1305 1418 in
1345 1353 1454 1418 via
1499 1352 1576 1419 de
1619 1373 1746 1435 qua
1790 1353 1984 1417 exivit
2024 1370 2147 1416 vox
2190 1352 2495 1434 quoedmn.

699 1634 921 1802 m
950 1729 1006 1799 il
1041 1728 1158 1799 dir
1190 1728 1234 1798 l'
1249 1726 1512 1816 andar,
1546 1717 1639 1796 ne*
1666 1726 1962 1797 l'andar
1995 1724 2092 1796 lui
2112 1717 2239 1815 piei
2266 1727 2463 1796 knto.
2493 1725 2890 1819 Postquam

552 1845 622 1918 in
676 1846 1110 1941 praecedenti
1160 1844 1476 1940 capitulo
1526 1849 1738 1939 poeta
1775 1848 2025 1917 noster
2064 1844 2403 1917 tractavit
2436 1851 2510 1918 et
2544 1844 2894 1919 determi-

552 1966 753 2040 navit
799 1966 893 2040 de
941 1965 1377 2062 purgatione
1424 1963 1618 2060 gulae
1671 1984 1838 2057 quae
1891 1963 2193 2058 punitur
2238 1963 2311 2036 in
2346 1970 2555 2038 sexto
2589 1965 2892 2062 circulo,

551 2107 749 2161 nunc
799 2091 1334 2180 consequenter
1385 2085 1458 2157 in
1509 2084 1644 2157 isto
1685 2083 2005 2177 capitulo
2041 2083 2292 2156 XXIIII
2336 2084 2487 2180 agit
2520 2091 2594 2158 et
2629 2091 2895 2160 tractat

553 2205 645 2281 de
695 2206 953 2281 eadem
1008 2205 1340 2299 materia,
1395 2224 1563 2298 quae
1614 2209 1724 2278 est
1775 2203 2093 2277 multum
2148 2205 2461 2299 copiosa,
2515 2205 2588 2278 in
2644 2205 2893 2281 multis

559 2325 714 2399 aliis
765 2325 1133 2421 spiritibus
1183 2323 1589 2417 modernis3
1626 2322 1740 2397 vel
1782 2329 2049 2399 tractat
2086 2323 2180 2398 de
2212 2324 2354 2398 alia
2397 2325 2640 2418 specie
2680 2326 2895 2420 gulo-

553 2465 806 2519 sorum
848 2445 974 2538 qui
1009 2444 1313 2518 fuerunt
1337 2448 1707 2518 amatores
1733 2443 1903 2515 vini.
1922 2444 2006 2515 Et
2040 2464 2361 2538 praesens
2396 2445 2795 2539 capitulum
2819 2439 2895 2537 (¹)

558 2584 705 2637 non
754 2569 991 2657 potest
1023 2562 1241 2637 dividi
1278 2562 1351 2635 in
1390 2561 1857 2657 paucioribus
1891 2583 2115 2655 quam
2162 2562 2491 2655 quinque
2540 2565 2890 2658 partibus,

555 2683 635 2755 In
686 2683 920 2778 prima
970 2703 1291 2777 quarum
1343 2680 1738 2755 introducit
1799 2681 2076 2755 dictum
2139 2681 2471 2775 spiritum
2525 2682 2797 2758 Foresii
2848 2707 2894 2760 a

554 2825 704 2897 quo
756 2804 1053 2897 inquirit
1101 2803 1195 2878 de
1245 2802 1563 2896 quadam
1617 2822 1876 2876 sorore
1926 2801 2086 2876 eius
2136 2807 2209 2876 et
2262 2802 2699 2895 quibusdam
2751 2827 2895 2901 gu-

550 2924 740 2999 losis.
793 2925 874 2997 In
924 2922 1244 2998 secunda
1297 2921 1692 2997 introducit
1740 2921 1969 2996 alium
2008 2921 2343 3017 spiritum
2379 2922 2471 2997 de
2507 2925 2896 3001 nominatis

552 3065 682 3139 per
733 3043 1113 3118 Foresium
1166 3042 1294 3136 qui
1344 3041 1812 3117 commendat
1861 3042 2101 3136 ipsum
2152 3048 2494 3119 autorem
2547 3064 2592 3118 a
2642 3044 2896 3141 singu-

551 3166 687 3240 lari
737 3163 1176 3258 eloquentia,
1213 3169 1285 3238 et
1325 3163 1655 3237 nominat
1704 3162 2059 3257 quosdam
2106 3164 2513 3259 praecipuos
2556 3155 2893 3240 invento-

554 3305 672 3359 res
707 3285 780 3357 in
812 3283 1062 3380 lingua
1099 3288 1430 3357 materna
1459 3273 1563 3375 (²),
1597 3282 1731 3356 ibi:
1769 3287 1919 3375 Ma,
1946 3304 2137 3357 come
2166 3288 2269 3377 fa.
2307 3286 2387 3357 In
2424 3285 2641 3359 tertia
2679 3291 2893 3378 poeta

555 3403 950 3479 revertitur
982 3402 1074 3477 ad
1103 3401 1629 3478 conferendum
1667 3422 1839 3477 cum
1875 3402 2197 3496 Foresio,
2235 3404 2361 3496 qui
2398 3403 2722 3498 praedicit
2759 3404 2895 3478 sibi

553 3523 799 3617 aliqua
849 3522 1121 3615 futura,
1173 3522 1317 3595 ibi:
1383 3527 1450 3608 E
1504 3543 1695 3595 come
1757 3525 1802 3595 Γ
1827 3543 2011 3596 uom.
2073 3524 2152 3595 In
2221 3529 2488 3616 quarta
2553 3524 2899 3598 describit

552 3643 771 3717 aliam
831 3643 1198 3736 arborem,
1268 3647 1345 3717 et
1404 3641 1619 3717 docet
1684 3641 2058 3736 quomodo
2125 3642 2562 3717 refraenatur
2636 3644 2893 3718 vitium

553 3763 770 3861 gulae,
822 3764 952 3837 ibi:
1005 3768 1072 3835 E
1115 3765 1421 3859 quando.
1474 3763 1551 3835 In
1605 3762 1860 3856 quinta
1911 3768 1986 3837 et
2038 3762 2295 3836 ultima
2344 3763 2618 3838 inducit
2665 3786 2897 3862 ange—

553 3886 709 3959 lum
763 3884 888 3977 qui
939 3888 1209 3979 purgat
1258 3882 1496 3977 ipsum
1546 3903 1592 3956 a
1645 3882 1817 3956 vitio
1850 3883 2069 3978 gulae,
2107 3882 2246 3956 ibi:
2301 3887 2455 3976 Poi,
2492 3888 2893 3977 rallaryaei.

553 4004 659 4078 Ad
708 4003 1030 4099 primum
1081 4002 1245 4076 dico
1284 4002 1482 4096 quod
1515 4007 1726 4097 poeta
1764 4002 2038 4076 inducit
2069 4003 2314 4079 adhuc
2346 4005 2727 4080 Foresium
2768 4009 2897 4102 qui

554 4123 883 4198 nominat
914 4113 986 4214 (³)
1037 4121 1171 4195 sibi
1223 4121 1577 4215 quosdam
1646 4122 1825 4197 alios
1890 4124 2227 4219 spiritus;
2288 4126 2411 4200 sed
2473 4127 2713 4222 primo
2762 4150 2897 4223 pro

557 4243 1099 4319 continuatione
1154 4242 1465 4316 ostendit
1532 4243 1801 4318 bonam
1872 4244 2412 4339 dispositionem
2484 4249 2891 4342 utriusque.

555 4363 802 4438 Solent
852 4362 1046 4436 enim
1099 4361 1561 4436 ambulantes
1595 4363 1812 4436 simul
1850 4363 2220 4438 interdum
2269 4369 2633 4443 remorari
2670 4369 2742 4442 in
2778 4369 2895 4444 via

674 4548 730 4608 (¹)
764 4552 870 4608 11⁷,
905 4546 1193 4610 capitulum
1224 4547 1470 4599 dividitur
1502 4549 1557 4598 iu
1588 4550 1817 4614 quinque
1848 4552 2097 4614 partibus.
2133 4554 2193 4603 ln
2228 4555 2393 4617 prima
2426 4568 2670 4618 quarum.

677 4623 731 4688 (¹)
763 4625 824 4675 E.
856 4626 1122 4676 moderna.
1892 4627 1947 4691 Ρ)
1979 4629 2031 4679 S.
2063 4631 2347 4681 nominavit
2378 4631 2488 4681 sibi.
