3734 5567
988 493 1129 561 420
1731 473 1736 476 ’
1771 495 2182 554 conamen
2233 497 2563 551 mmmm

988 650 1207 724 nebat
1242 665 1557 743 regnum
1595 661 1987 719 romanum
2005 638 2110 738 (¹),
2137 643 2455 718 sentiens
2488 642 2987 716 Iustinianum
3024 643 3156 717 sibi
3185 644 3318 719 ira·-

987 777 1146 845 tum
1198 768 1391 841 misit
1441 765 1852 863 Agabitum„
1887 785 2150 860 papam
2215 755 2331 838 ad'
2365 763 2604 868 ipsum
2670 763 3142 858 placandum,
3204 765 3319 857 qui

987 888 1232 963 habita
1282 907 1535 961 secum
1588 884 1972 959 collatione
2021 884 2114 958 de
2164 883 2306 958 fide
2357 881 2628 977 reperit
2682 882 2932 978 ipsum
2987 883 3060 957 in
3111 903 3318 979 pravo

990 1028 1272 1101 errore,
1300 1007 1472 1099 quia
1499 1004 1843 1080 credebat
1865 996 1940 1097 (²)
1967 1003 2336 1078 Christum
2365 1023 2638 1098 purum
2669 1005 3055 1078 hominem
3092 1004 3314 1098 fuisse,

986 1147 1161 1202 cum
1191 1146 1340 1221 quo
1370 1124 1619 1199 habuit
1651 1124 1916 1198 duram
1952 1123 2539 1217 contentionem3
2575 1128 2649 1197 et
2683 1123 3098 1198 Justiniano
3130 1144 3318 1198 com-

985 1247 1311 1320 minante
1360 1244 1493 1318 sibi
1543 1250 1836 1318 sanctus
1885 1244 2206 1338 pontifex
2256 1263 2427 1316 cum
2468 1263 2735 1339 magna
2777 1243 3187 1317 constantia
3218 1243 3316 1315 in-

987 1365 1266 1461 trepide
1298 1364 1513 1438 dixit:
1551 1365 1706 1460 Ego
1737 1363 1831 1438 ad
1864 1362 2351 1436 Justinianum
2384 1361 3075 1436 christianissimum
3102 1363 3316 1457 impe-

992 1490 1314 1559 ratorem
1353 1484 1604 1559 venire
1644 1482 1917 1578 putavi,
1961 1488 2034 1557 et
2084 1481 2613 1556 Diocletianum
2667 1482 2941 1557 inveni.
2990 1481 3315 1573 Tandem,

988 1605 1278 1679 volente
1317 1603 1490 1697 De0,
1528 1603 1976 1676 Justinianus
2017 1623 2186 1678 cum
2230 1601 2477 1675 multis
2510 1602 2638 1696 qui
2672 1621 2933 1676 secum
2964 1602 3314 1691 errabant,

985 1726 1077 1801 ad
1111 1724 1636 1800 confessionem
1673 1743 1872 1798 verae
1907 1722 2072 1797 fidei
2109 1723 2388 1798 redivit.
2424 1720 2588 1810 Quo
2624 1721 2815 1797 facto
2845 1721 3200 1818 Agabitus
3230 1719 3312 1793 ibi

989 1844 1296 1919 reddidit
1318 1844 1639 1918 animam
1667 1843 1844 1937 Deo,
1873 1842 1947 1915 in
1974 1842 2187 1916 cuius
2212 1844 2458 1916 locum
2485 1843 2763 1917 electus
2788 1848 2905 1917 est
2931 1862 3117 1937 papa
3140 1837 3315 1934 Vigi-

987 1966 1151 2060 lius,
1187 1964 1315 2058 qui
1365 1963 1609 2037 fuerat
1658 1961 1989 2057 clericuS,
2026 1962 2388 2037 Eleuterae
2429 1963 2682 2036 uxoris
2728 1962 3099 2058 principis,
3150 1959 3312 2034 Dicit

987 2104 1169 2180 ergo
1218 2082 1701 2155 Justinianus:
1756 2086 1881 2155 Ma
1918 2085 2161 2174 pm'ma
2211 2085 2313 2154 eh'
2337 2085 2408 2155 io
2457 2085 2576 2155 all'
2595 2104 2777 2175 opra
2820 2086 3029 2176 fossi.
3055 2086 3311 2166 attento,

987 2204 1192 2294 idest,
1228 2208 1623 2294 antequam
1659 2201 1913 2290 darem
1950 2221 2255 2296 operam
2307 2202 2806 2277 reformationi
2864 2206 3141 2299 legum,
3175 2219 3311 2273 ere-

990 2324 1166 2395 deva
1189 2341 1335 2393 una
1356 2328 1641 2412 namra,
1669 2321 1961 2414 scilicet,
1988 2323 2414 2416 humanam,
2439 2343 2583 2396 non
2603 2325 2788 2415 pane,
2816 2324 3116 2415 scilicet,
3149 2318 3310 2394 divi·-

990 2461 1188 2535 nam,
1225 2441 1456 2514 essere
1477 2445 1552 2514 in
1594 2444 1842 2533 CriscO,
1884 2440 2096 2515 cuius
2130 2442 2585 2515 contrarium
2622 2442 2985 2536 probatur
3019 2438 3308 2534 capitulo

985 2562 1342 2655 sequenti,
1384 2582 1421 2633 e
1459 2563 1544 2634 -di
1591 2565 1695 2634 tal
1732 2564 1917 2655 sede,
1953 2561 2224 2635 scilicet
2255 2566 2407 2635 tam
2444 2581 2783 2655 erronea,
2816 2583 2953 2634 era
2992 2564 3308 2644 conteneo,

982 2680 1120 2756 iste
1169 2681 1365 2756 enim
1416 2681 1552 2754 fuit
1599 2701 1813 2755 error
1863 2680 2156 2773 EuticiS,
2209 2686 2463 2754 contra
2499 2700 2722 2775 quem
2774 2680 3097 2776 disputat
3144 2678 3309 2750 Boe·

987 2802 1153 2896 tius,
1204 2823 1323 2874 ma
1371 2805 1427 2874 il
1488 2802 1830 2874 benedetto
1880 2801 2201 2892 Aqabieo,
2249 2806 2458 2894 pater
2500 2807 2797 2875 sanctus
2847 2801 3031 2875 civis
3084 2815 3308 2872 roma-

988 2944 1148 3016 nuS,
1185 2925 1304 2995 che
1328 2926 1449 3015 fue
1480 2941 1747 2994 sommo
1774 2926 2088 3012 pastore,
2116 2922 2264 2992 atla
2291 2922 2449 3013 fede
2480 2924 2781 3014 sincera,
2816 2921 3113 3012 scilicet,
3136 2913 3310 2991 chri-

989 3041 1268 3135 stianae,
1303 3061 1470 3135 quae
1511 3040 1808 3114 estsine
1845 3039 2158 3133 macula,
2211 3043 2309 3112 mi
2356 3032 2654 3133 divizzo,
2697 3040 2768 3114 in
2804 3060 3064 3116 veram
3106 3037 3304 3123 viam,

984 3182 1118 3235 eon
1168 3165 1230 3234 Ie
1269 3163 1524 3253 parole
1560 3181 1698 3252 sue,
1731 3179 1902 3254 quae
1936 3160 2238 3233 fuerunt
2272 3161 2591 3233 multum
2641 3161 2997 3236 efficacia.
3034 3160 3120 3232 Et
3152 3153 3309 3230 sub-

984 3281 1086 3355 dit
1139 3280 1482 3354 effectum
1540 3280 1944 3354 verborum
1996 3279 2152 3354 eius
2180 3270 2281 3374 (³),
2332 3280 2614 3354 dicens:
2667 3285 2739 3354 vlo
2780 3284 2890 3372 ⁴„qu
2936 3279 3233 3364 eredetti,
3277 3292 3309 3342 e

987 3404 1231 3492 veyqio
1280 3421 1417 3473 ora
1465 3402 1735 3491 ekiaro,
1787 3398 1990 3492 idest,
2034 3420 2232 3473 nunc
2269 3400 2340 3473 in
2375 3401 2583 3492 coelo,
2619 3393 2726 3475 cio
2758 3405 2880 3474 che
2904 3406 2983 3477 'n
3014 3420 3143 3474 sua
3167 3393 3308 3489 fede

984 3543 1139 3614 era,
1172 3520 1379 3616 quasi
1413 3521 1623 3614 dicat,
1651 3517 1997 3614 quicquid
2032 3520 2374 3594 tenebam
2417 3520 2509 3595 de
2545 3519 2685 3595 fide
2722 3541 2856 3615 per
2889 3522 3121 3596 solam
3160 3531 3309 3589 cre-

983 3641 1388 3735 dulitatem,
1424 3660 1620 3714 nunc
1654 3639 1865 3714 video
1902 3659 2032 3734 per
2065 3639 2574 3714 certitudinem
2623 3640 2718 3714 ita
2756 3640 2980 3736 clare,
3015 3639 3197 3713 sicut
3232 3637 3303 3702 tu

982 3762 1360 3860 cognoscis
1393 3761 1713 3856 aliquam
1753 3781 1913 3834 rem
1956 3760 2074 3834 vel
2116 3759 2662 3834 conclusionem
2696 3760 2770 3834 in
2818 3767 2949 3835 tua
2986 3752 3300 3838 scientia,

984 3884 1181 3959 unde
1205 3883 1413 3958 dicit:
1440 3875 1501 3955 εὶ
1524 3903 1713 3955 come
1739 3889 1808 3954 tu
1836 3882 1992 3955 vedi
2015 3883 2185 3972 oqui
2216 3882 2744 3954 contradizione
2760 3902 2805 3954 e
2822 3884 3018 3975 falsa
3042 3901 3079 3952 e
3104 3889 3262 3949 vera
3275 3891 3301 3959 ‚⁰

873 4027 878 4032 ·
984 4005 1156 4100 quia
1192 4004 1428 4078 omnis
1462 4001 1934 4076 contradictio
1969 4000 2189 4076 habet
2222 4000 2297 4073 in
2331 4021 2412 4075 se
2439 4000 2851 4075 necessario
2888 4019 3109 4074 unam
3148 4007 3303 4086 par·

985 4129 1133 4197 tem
1187 4143 1468 4216 veram,
1508 4122 1815 4196 alteram
1853 4120 2150 4213 falsam3
2188 4120 2385 4195 unde
2427 4120 2545 4194 lex
2593 4117 3301 4195 contradictoriarum

985 4247 1097 4318 est
1132 4241 1328 4334 quod
1361 4241 1421 4314 si
1456 4262 1603 4314 una
1645 4246 1755 4314 est
1788 4260 1989 4332 vera,
2027 4239 2310 4333 reliqua
2352 4246 2463 4313 est
2502 4239 2702 4336 falsa,
2738 4241 2930 4315 sicut
2962 4241 3153 4313 Deus
3183 4232 3299 4316 ffit,

983 4361 1180 4435 Deus
1231 4381 1379 4433 non
1428 4369 1560 4453 est,
1613 4379 1750 4434 nec
1799 4366 1909 4433 est
1958 4358 2138 4433 dare
2180 4358 2530 4433 medium.
2558 4397 2657 4413 ——
2692 4366 2914 4433 Toeto.
2950 4360 3153 4433 Nunc
3184 4350 3301 4423 Ju-

1105 4546 1164 4684 ἒξ
1193 4544 1256 4672 ἓ.
1292 4556 1648 4670 aomanorum.
1796 4541 1852 4607 (³)
1884 4544 1948 4594 Ε.
1981 4544 2224 4595 credebat
2256 4545 2538 4597 Dominum
2567 4550 2807 4597 nostrum
2839 4546 3018 4597 Iesum
3046 4538 3298 4593 Christum·

1242 4656 1257 4671 .
1290 4636 1307 4670 ι
1352 4632 1447 4670 ms.
3131 4646 3135 4650 .
