3734 5567
767 481 771 486 '
872 483 1013 551 312
1475 518 1480 523 -
1650 490 2061 545 COMENTUM
2112 489 2443 544 mmmm

865 641 1057 729 moe,
1109 655 1278 731 quae
1328 635 1635 732 parabat
1682 634 1959 710 ducere
2007 654 2133 709 me
2194 634 2287 709 ad
2342 621 2901 728 beatitudinem,
2951 637 3209 708 rivolta

862 763 937 834 in
985 762 1099 834 sul
1140 760 1427 832 sinistro
1470 759 1732 850 fiancO,
1785 755 1915 830 ubi
1964 755 2205 851 primo
2257 762 2419 830 erat
2470 775 2516 829 a
2565 754 2870 830 dextera
2920 776 3211 850 curruS,

867 885 952 952 ut
997 878 1229 974 patuit
1264 877 1337 951 in
1375 876 1520 951 fine
1552 874 2005 972 Purgatorii3
2054 874 2172 950 vel
2216 875 2356 949 hoc
2390 894 2526 969 pro
2564 880 2767 949 tanto
2808 874 2999 970 dicit,
3042 875 3214 969 quia

864 1005 1074 1074 erant
1125 997 1429 1104 oppositi
1480 1003 1731 1071 nostro
1781 995 1974 1090 situi,
2010 994 2108 1068 ita
2150 993 2349 1090 quod
2383 993 2491 1069 sol
2539 996 2691 1070 ibat
2740 995 2844 1070 eis
2896 994 2988 1069 ad
3038 995 3211 1070 sini-

869 1125 1121 1213 stram,
1165 1116 1291 1191 ubi
1342 1116 1550 1191 nobis
1603 1115 1799 1192 vadit
1830 1116 1924 1190 ad
1959 1114 2342 1190 dexteram
2388 1114 2632 1190 eundo
2673 1135 2934 1190 versus
2967 1116 3215 1191 orien-

866 1246 1043 1330 tem,
1096 1260 1133 1312 e
1179 1240 1577 1330 riquardar
1620 1239 1737 1310 nel
1762 1239 1933 1327 sole,
1975 1235 2180 1330 idest,
2223 1240 2589 1310 aeternum
2642 1236 2869 1311 solem
2912 1236 3213 1333 justitiae

867 1358 1130 1434 Deum.
1183 1359 1273 1431 Et
1322 1356 1551 1453 tangit
1602 1355 2074 1451 perspicuum
2113 1354 2419 1429 modum
2456 1374 2612 1428 suae
2645 1355 3042 1430 intuitionis
3082 1377 3214 1451 per

869 1479 1186 1554 nobilem
1239 1476 1864 1573 comparationem
1918 1475 2184 1569 aquilae
2229 1474 2676 1571 respicientis
2719 1482 3056 1550 nostrum
3090 1496 3214 1550 so-

866 1599 1013 1674 lem
1064 1596 1500 1673 sensibilem.
1553 1598 1643 1670 Et
1692 1601 1803 1670 est
1852 1594 1969 1669 hic
2004 1594 2150 1668 fixa
2185 1600 2436 1669 mente
2475 1594 3209 1669 animadvertendum

868 1717 1066 1812 quod
1140 1716 1408 1791 Dantes
1484 1714 1737 1790 videre
1767 1708 1839 1807 (¹)
1894 1732 2065 1788 meo
2126 1734 2275 1788 non
2323 1719 2611 1809 poterat
2669 1714 2914 1789 facere
2972 1714 3212 1809 perfe-

866 1838 1175 1913 ctiorem
1209 1834 1835 1931 comparationem
1881 1854 2017 1908 nec
2055 1832 2291 1930 magis
2327 1834 2722 1929 propriam,
2765 1834 2824 1909 si
2869 1834 3213 1909 volumus

865 1958 1213 2052 colligere
1264 1954 1540 2029 nobiles
1591 1952 2070 2049 proprietates
2103 1953 2392 2048 aquilae.
2431 1953 2694 2047 Aquila
2735 1954 2929 2028 enim
2973 1954 3212 2049 primo

874 2083 983 2152 est
1016 2075 1172 2150 avis
1199 2093 1466 2169 magna
1504 2072 1737 2167 valde,
1789 2072 1951 2147 talis
1999 2078 2111 2148 est
2159 2073 2317 2147 haec
2355 2093 2566 2148 sacra
2600 2073 2922 2168 scientia,
2960 2079 3034 2149 et
3081 2075 3214 2148 ha-

867 2193 993 2268 bet
1041 2193 1196 2267 alas
1245 2188 1457 2265 valde
1509 2211 1837 2286 magnas»,
1880 2197 2206 2264 rostrum
2258 2212 2640 2289 magnum,
2683 2199 2759 2268 et
2809 2194 3034 2268 fortes
3076 2214 3216 2267 un-

869 2332 1077 2411 gueS,
1121 2312 1219 2385 ita
1267 2311 1405 2386 ista
1436 2310 1684 2404 aquila
1724 2310 1981 2384 nobilis
2024 2318 2133 2385 est
2172 2311 2427 2407 regina
2467 2313 2783 2388 aliarum
2823 2313 3074 2390 avium
3112 2304 3211 2407 (²),

867 2434 970 2508 ita
1003 2432 1141 2508 ista
1174 2438 1285 2508 est
1319 2450 1542 2525 super
1576 2450 1834 2509 omnes
1869 2432 2041 2526 quia
2068 2431 2311 2506 divina
2338 2432 2650 2528 imperat
2683 2440 2759 2508 et
2792 2433 3213 2509 dominatur

866 2552 1229 2628 humanis.
1282 2550 1543 2646 Aquila
1593 2552 1790 2625 ultra
1831 2558 2134 2627 caetcras
2180 2572 2357 2627 aves
2392 2553 2588 2627 volat
2627 2553 2844 2627 altius
2894 2559 2969 2629 et
3020 2554 3219 2629 videt

865 2673 1179 2768 acutius,
1206 2672 1305 2746 ita
1325 2663 1400 2764 (³)
1427 2671 1723 2746 BeatrIx
1757 2673 1913 2745 sola
1947 2670 2271 2746 ascendit
2305 2672 2579 2747 coelum
2616 2677 2692 2747 et
2717 2672 2912 2749 videt
2939 2674 3212 2748 Deum:

865 2792 1231 2887 inquisitio
1283 2791 1480 2867 enim
1533 2791 1920 2887 theologiae
1970 2797 2081 2867 est
2130 2811 2355 2866 causa
2402 2792 2884 2888 cognoscendi
2932 2794 3212 2886 Deum;

863 2911 1059 2987 unde
1111 2911 1474 3007 theologia
1526 2916 1836 2984 vocatur
1899 2910 2197 2985 scientia
2248 2917 2411 3005 post
2462 2918 2834 3007 naturam,
2884 2931 3052 3006 quae
3102 2917 3216 2989 est

863 3032 1025 3106 finis
1075 3032 1545 3106 scientiarum
1599 3038 1674 3106 et
1724 3030 2072 3125 perfectio
2108 3050 2410 3126 earum3
2451 3031 2607 3126 ipsa
2647 3032 2844 3106 enim
2886 3040 2998 3108 est
3047 3033 3210 3108 finis

860 3153 954 3228 ad
1008 3171 1233 3247 quem
1286 3149 1515 3226 tendit
1564 3150 1804 3225 omnis
1838 3149 2209 3244 inquisitio
2242 3157 2316 3225 et
2350 3150 2424 3224 in
2459 3172 2551 3226 ea
2587 3152 2915 3246 quiescit.
2953 3153 3215 3247 Aquila

863 3272 1017 3346 sola
1052 3271 1244 3345 inter
1280 3290 1457 3346 aves
1492 3290 1641 3344 non
1675 3269 2128 3364 fulminatur,
2159 3277 2343 3345 teste
2366 3271 2619 3365 Plinio,
2658 3272 2845 3347 sicut
2878 3294 3016 3349 nec
3050 3276 3215 3349 lau-

866 3413 995 3465 rus
1044 3391 1237 3465 inter
1286 3390 1630 3484 arbores3
1680 3390 1781 3464 ita
1840 3390 1977 3464 ista
2008 3378 2082 3482 (⁴)
2138 3390 2327 3465 inter
2380 3391 2716 3466 scientias
2778 3413 2925 3467 non
2977 3400 3215 3489 potest

864 3511 1218 3605 eclipsari,
1272 3510 1458 3585 sicut
1516 3516 1892 3585 ostensum
1945 3510 2082 3584 fuit
2129 3511 2190 3584 ΙΙ
2241 3511 2559 3606 capitulo
2609 3511 2898 3587 Inferni.
2953 3514 3215 3609 Aquila

864 3629 1021 3705 sola
1065 3629 1333 3705 intueri
1368 3635 1605 3725 potest
1650 3629 1890 3704 radios
1923 3629 2114 3724 soliS,
2157 3636 2233 3705 et
2284 3629 2467 3705 filios
2509 3653 2660 3706 non
2698 3634 3024 3709 valentes
3075 3636 3216 3710 hoc

865 3751 1108 3825 facere
1158 3770 1308 3824 non
1357 3749 1586 3824 nutrit
1635 3749 1762 3824 sed
1812 3749 2139 3844 expellit3
2177 3760 2252 3827 et
2302 3749 2403 3824 ita
2439 3750 2757 3826 Beatrix.
2794 3753 3055 3848 Aquila
3105 3760 3216 3829 est
3299 3771 3303 3775 ·

862 3870 1020 3945 avis
1058 3870 1230 3944 honi
1264 3868 1560 3966 augurii
1595 3890 1743 3945 non
1776 3871 2019 3944 solum
2052 3869 2247 3965 apud
2281 3876 2556 3965 poetaS,
2593 3860 2721 3946 sed
2761 3873 2982 3948 etiam
3018 3876 3216 3970 apud

863 3989 1266 4085 historicOS,
1308 3996 1384 4065 et
1426 3989 1666 4066 adhuc
1716 4009 1867 4064 una
1918 4010 2156 4085 penna
2207 3990 2475 4084 aquilae
2522 3991 2913 4066 coniuncta
2964 3995 3216 4070 multis

862 4110 1117 4204 pennis
1150 4109 1428 4186 anseris
1456 4108 1821 4183 consumit
1848 4129 2008 4201 eas;
2045 4113 2118 4183 et
2154 4107 2323 4183 dicit
2348 4109 2691 4184 Albertus
2719 4131 2799 4186 se
2834 4111 3057 4188 fuisse
3081 4133 3214 4188 ex-

986 4297 1040 4352 (·)
1074 4299 1120 4352 4,
1155 4295 1317 4346 videri
1348 4308 1484 4345 mco.

988 4369 1042 4428 (Ἰ
1074 4369 1136 4418 Ε.
1170 4372 1357 4432 avium,
1405 4370 1540 4421 sicut
1585 4375 1665 4423 est
1711 4372 1808 4422 ista
1839 4372 2051 4423 scientia
2082 4387 2239 4437 super
2270 4388 2453 4426 omnes
2495 4375 2745 4426 humanas
2787 4377 3042 4438 scientias,
3093 4379 3215 4443 quia

865 4443 1031 4494 divina
1064 4444 1285 4507 imperat
1317 4451 1387 4496 et.

992 4519 1044 4580 (Ἴ
1078 4520 1140 4571 E.
1173 4520 1244 4570 ita
1276 4522 1372 4572 ista
1402 4522 1613 4574 scientia
1645 4523 1871 4575 Beati-ix.

993 4597 1044 4656 (⁸)
1080 4597 1142 4649 E.
1173 4598 1246 4647 ita
1276 4599 1376 4650 ista
1403 4599 1615 4651 scientia
1645 4602 1782 4653 inter
1811 4601 2065 4654 scientias.
