3734 5567
1152 467 1433 524 CANTUS
1484 469 1865 524 leEsmus
1913 469 2244 534 Qumrus.
2775 460 2867 528 93

525 612 720 687 affici
769 613 990 706 fame,
1041 612 1178 707 siti,
1231 613 1350 686 vel
1396 613 1538 686 alia
1589 612 1942 707 passione.
1973 653 2072 666 —-
2095 617 2202 686 Se.
2241 613 2451 689 Nunc
2491 622 2705 709 poeta
2735 638 2869 711 po-

527 732 632 805 nit
666 733 1208 828 responsionem
1250 730 1524 826 Virgilii
1567 731 1659 805 ad
1694 732 2141 827 propositam
2177 734 2687 831 quaestionem,
2742 738 2866 832 qui

523 852 734 925 solvit
783 852 979 926 illam
1015 853 1090 924 in
1120 850 1444 945 generali
1479 871 1611 944 per
1650 851 1801 926 duo
1841 859 2283 949 argumenta
2318 856 2857 951 exemplorum,

522 992 844 1069 arguens
893 994 938 1046 a
988 969 1251 1045 minori
1305 976 1378 1045 et
1425 992 1470 1046 a
1530 971 1784 1063 simili3
1854 993 2177 1066 quorum
2237 972 2558 1067 primum
2612 985 2723 1051 est
2770 976 2863 1051 de

523 1092 858 1187 passione
907 1098 982 1164 et
1030 1090 1587 1185 consumptione
1647 1092 2012 1187 Meleagri,
2079 1112 2251 1185 quae
2311 1093 2500 1168 facta
2552 1102 2663 1169 est
2713 1102 2859 1170 tam

524 1210 953 1284 mirabiliter
1004 1215 1078 1284 et
1127 1210 1432 1284 occulte.
1486 1211 1577 1283 Et
1624 1211 1716 1284 ad
1768 1211 2316 1307 intelligentiam
2367 1213 2588 1287 huius
2627 1214 2858 1288 literae

522 1328 693 1404 satis
712 1329 934 1403 obscu
943 1350 1047 1403 rae
1070 1336 1359 1424 oportet
1383 1328 1752 1404 succincte
1777 1329 2121 1425 colligere
2146 1330 2468 1406 fabulam
2489 1333 2860 1429 Meleagri,

520 1449 614 1523 de
647 1470 796 1542 qua
821 1449 1201 1544 Euripides
1235 1450 1493 1524 nobilis
1526 1455 1741 1544 poeta
1775 1449 1942 1524 fecit
1976 1450 2435 1547 tragoediam,
2465 1459 2541 1527 et
2564 1453 2862 1528 Ovidius

522 1571 786 1645 latinus
819 1569 1162 1644 describit
1211 1589 1378 1644 eam
1429 1569 1643 1644 valde
1690 1568 1953 1645 diffuse
2003 1591 2216 1645 more
2266 1592 2404 1646 suo
2436 1573 2588 1646 VIII
2640 1573 2863 1648 Maio-

522 1689 641 1784 riS,
692 1690 905 1763 cuius
973 1710 1266 1767 summa
1340 1690 1496 1763 haec
1559 1696 1707 1763 est:
1761 1690 2123 1784 Tempore
2187 1711 2337 1784 quo
2401 1691 2677 1765 Althaea
2739 1712 2862 1767 re·-

519 1811 692 1907 gina
756 1809 1141 1884 Calidoniae
1210 1829 1404 1883 uxor
1477 1810 1670 1906 regis
1736 1809 1968 1885 OEnei
2035 1817 2111 1885 et
2176 1816 2416 1885 mater
2490 1811 2859 1888 fortissimi

517 1930 762 2026 Tydei,
828 1930 920 2003 de
984 1949 1135 2023 quo
1195 1929 1458 2004 totiens
1516 1929 1704 2004 facta
1764 1936 1874 2003 est
1934 1929 2230 2023 mentio,
2289 1932 2571 2026 peperit
2627 1932 2872 2006 alium·

520 2051 751 2124 filium
792 2049 1088 2124 nomine
1122 2049 1570 2144 Meleagrum
1602 2073 1621 2142 3
1658 2048 1900 2123 subito
1951 2049 2096 2123 fata
2146 2050 2544 2124 adfuerunt
2594 2058 2669 2127 et
2717 2052 2858 2124 im·-

520 2171 881 2245 miserunt
931 2170 1006 2242 in
1054 2168 1297 2266 ignem
1353 2168 1658 2266 lignum,
1714 2168 1867 2243 sive
1920 2189 2210 2244 ramum
2264 2170 2574 2264 arboriS,
2627 2176 2702 2245 et
2750 2166 2860 2244 di‘-

519 2296 789 2364 xerunt
841 2289 1038 2383 quod
1088 2287 1442 2382 quamdiu
1495 2289 1801 2362 duraret
1854 2288 2072 2362 torris
2104 2308 2294 2384 puer
2334 2296 2549 2363 natus
2600 2309 2857 2364 serva-

520 2415 727 2484 retur
776 2410 850 2482 in
902 2409 1088 2502 vita;
1141 2428 1366 2502 quem
1420 2414 1658 2482 mater
1723 2408 1966 2481 statim
2031 2408 2482 2482 abstractum
2545 2430 2637 2483 ex
2687 2409 2859 2504 igne

520 2526 826 2604 extinxit
873 2549 1092 2623 aqua,
1134 2534 1207 2602 et
1257 2528 1661 2602 extinctum
1714 2549 1887 2602 cum
1940 2549 2206 2623 magna
2258 2527 2623 2624 diligentia
2676 2549 2853 2602 con—

519 2648 857 2724 servavit.
909 2648 1098 2722 Cum
1152 2653 1401 2722 autem
1457 2649 1820 2746 Meleager
1871 2648 2107 2723 factus
2157 2656 2346 2723 esset
2385 2649 2678 2722 adultus
2727 2668 2856 2722 ac-

516 2769 685 2844 cidit
719 2769 916 2863 quod
954 2789 1133 2864 aper
1183 2767 1521 2843 terribilis
1570 2768 1830 2842 invasit
1865 2787 2084 2863 agros
2134 2765 2689 2859 calidoniorum,
2726 2768 2855 2860 qui

518 2909 832 2986 magnus
883 2895 968 2962 ut
1020 2895 1277 2963 taurus
1326 2893 1664 2962 armatus
1713 2886 1885 2960 setis
1936 2891 2022 2958 ut
2070 2884 2370 2982 sagittis,
2412 2891 2487 2958 et
2517 2884 2856 2959 dentibus

517 3009 884 3084 fulmineis
942 3008 1274 3083 vastabat
1306 3008 1578 3080 omnia.
1631 3007 2092 3101 Quapropter
2151 3005 2514 3100 Meleager
2565 3004 2860 3079 ordina-

516 3131 618 3205 vit
668 3130 985 3203 nobilem
1038 3127 1500 3202 venationem
1555 3126 1647 3199 ad
1698 3125 2152 3220 perdendum
2201 3123 2449 3218 illum,
2485 3125 2576 3198 ad
2627 3144 2852 3218 quam

515 3255 1009 3326 cucurrerunt
1059 3247 1392 3321 certatim
1436 3246 1591 3320 fere
1635 3266 1894 3320 omnes
1924 3247 2240 3340 juvenes
2289 3244 2598 3319 animosi
2650 3244 2855 3318 Grae-

515 3371 647 3446 ciae
693 3369 930 3467 gratia
969 3366 1263 3440 honoris
1297 3373 1372 3439 et
1405 3366 1678 3460 gloriae,
1723 3365 1908 3438 sicut
1943 3371 2288 3439 strenuus
2323 3365 2645 3439 Theseus
2680 3371 2754 3440 et
2777 3358 2848 3456 (¹)

513 3490 879 3564 Pirithous
904 3485 1275 3582 singulare
1306 3506 1440 3580 par
1465 3485 1901 3578 amicorum,
1929 3484 2259 3559 similiter
2283 3485 2535 3560 Castor
2574 3492 2649 3560 et
2681 3485 2850 3560 Pol-

514 3611 665 3704 lux,
707 3605 1189 3683 clarissimum
1223 3595 1295 3696 (²)
1333 3625 1467 3699 par
1502 3604 1855 3697 fratrum3
1890 3610 1966 3678 et
1998 3605 2217 3679 Jason
2252 3604 2563 3700 inclytus
2603 3615 2851 3700 postea

513 3734 1095 3826 argonautarum
1137 3725 1552 3819 Juventute,
1589 3723 1791 3796 fortis
1825 3724 2197 3816 Telamon,
2251 3731 2325 3797 et
2373 3725 2616 3799 senior
2668 3744 2851 3797 cun-
2900 3775 2904 3780 -

513 3848 644 3922 ctis
694 3847 977 3940 Nestor,
1030 3851 1103 3921 et
1152 3844 1301 3918 duo
1354 3843 1615 3919 fratres
1664 3842 1889 3935 ipsius
1936 3842 2234 3916 Althaeae
2285 3842 2725 3937 Speusippus
2777 3849 2852 3916 et

512 3968 848 4060 ThoxiaS‚
887 3973 962 4041 et
994 3966 1255 4039 Peleus
1306 3970 1515 4058 pater
1564 3962 1769 4035 fortis
1809 3961 2097 4037 Achillis
2148 3961 2346 4034 venit
2394 3967 2468 4036 et
2518 3961 2851 4036 Atalanta

518 4088 996 4163 celeberrima
1056 4085 1267 4180 virgo
1343 4084 1580 4158 forma
1656 4088 1731 4156 et
1804 4082 2056 4156 habitu
2134 4082 2570 4176 venatricis3
2641 4081 2852 4157 cuius

514 4228 771 4283 amore
801 4198 875 4299 (³)
927 4206 1101 4281 visae
1161 4204 1402 4279 subito
1468 4209 1723 4297 captus
1780 4209 1894 4276 est
1955 4200 2210 4276 nobilis
2273 4203 2660 4300 Meleager.
2714 4203 2855 4277 Sed

512 4329 824 4424 incoepta
889 4326 1278 4402 venatione
1342 4345 1514 4399 cum
1580 4323 1926 4398 altissimo
1991 4324 2315 4398 clamore
2383 4322 2715 4396 virorum
2776 4327 2848 4396 et

637 4514 693 4577 (¹)
723 4514 785 4563 E.
819 4518 873 4563 et
905 4513 1160 4577 gloriosus
1191 4512 1452 4562 Plrithous
1482 4510 1744 4574 siugulare
1778 4522 1888 4571 par.

638 4587 695 4651 (¹)
727 4593 838 4650 117,
871 4590 1194 4640 carissImum
1227 4602 1336 4652 par.
1706 4585 1760 4649 (⁸)
1795 4591 1904 4647 11¹1,
1938 4599 2117 4636 amore
2146 4587 2199 4636 In
2231 4599 2288 4637 se
2319 4585 2506 4636 sumto.
