3734 5567
906 470 1049 535 266
1575 473 1989 528 com-:mun
2036 471 2480 528 PURGATonn

902 896 1186 966 GANTU
1189 896 1231 963 S
1294 892 1769 962 TRIGESIMU
1771 893 1815 960 S
1881 891 2248 959 TERTIUS
2306 891 2417 957 ET
2477 890 2861 957 ULTIMUS
2926 890 3248 958 PURGA-

1053 1008 1309 1089 TORII‚
1356 1008 1429 1072 in
1471 1026 1591 1089 quo
1635 1005 1916 1071 Beam’x
1959 1004 2306 1071 declaravit
2360 1003 2572 1068 omnia
2616 1002 2842 1079 Danti,
2890 1002 2968 1068 de
3027 1002 3246 1085 aquda

1041 1120 1362 1204 proedicta
1406 1122 1466 1183 et
1509 1117 1587 1182 de
1628 1115 1813 1198 vulpe
1841 1120 1902 1181 et
1935 1115 2013 1181 de
2049 1116 2309 1199 yiqante
2337 1119 2397 1180 et
2424 1114 2760 1191 meretrice,
2808 1118 2867 1178 et
2912 1112 2990 1178 de
3032 1114 3246 1179 multi-s

1053 1230 1284 1313 fiendis
1302 1249 1429 1312 per
1456 1228 1784 1311 quemdam
1812 1227 2031 1293 ducem
2051 1231 2415 1307 venturum;
2440 1231 2500 1291 et
2530 1227 2603 1290 in
2628 1226 2759 1307 fine
2785 1224 2944 1289 visis
2974 1230 3244 1308 quatuor

1054 1339 1425 1420 fluminibus
1455 1338 1779 1421 paradisi,
1826 1339 2154 1404 exiverunt
2199 1337 2287 1403 ad
2328 1337 2664 1403 videndum
2707 1335 2948 1402 stellas.

1056 1599 1408 1782 Deus,
1465 1697 1800 1764 venerunt
1860 1696 2123 1779 yeme-s,
2189 1689 2633 1762 alternando.
2707 1688 3105 1782 Postquam
3172 1689 3246 1763 in

901 1809 1262 1903 superiori
1327 1809 1646 1903 capitulo
1708 1815 1926 1902 poeta
1995 1813 2242 1882 noster
2310 1806 2685 1902 descripsit
2757 1808 3247 1903 multipliciter

899 1928 1488 2025 persecutionem
1535 1926 1909 2000 militantis
1952 1926 2302 2021 ecclesiae,
2340 1947 2537 2001 nunc
2587 1935 3126 2021 consequenter
3175 1926 3249 2001 in

900 2049 1038 2123 isto
1088 2047 1378 2142 XXXIII
1429 2046 1746 2141 capitulo
1794 2045 2135 2120 describit
2186 2047 2561 2141 planctum
2618 2067 2843 2140 quem
2916 2047 3247 2122 fecerunt

901 2168 1043 2240 illae
1093 2166 1408 2240 dominae
1457 2185 1632 2239 cum
1684 2164 2015 2239 Beatrice
2048 2164 2141 2239 de
2174 2166 2685 2260 persecutione
2727 2165 2987 2241 ultima
3021 2187 3245 2261 quam

902 2285 1196 2381 indigne
1244 2284 1518 2379 patitur
1580 2283 1887 2359 ecclesia
1952 2304 2259 2358 romana
2321 2304 2368 2358 a
2432 2285 2730 2380 regibus
2788 2285 3112 2360 Franciae
3140 2278 3242 2378 (¹).

905 2405 994 2481 Et
1051 2402 1241 2477 istud
1298 2423 1618 2499 prieneus
1678 2403 2022 2476 ultimum
2075 2403 2503 2498 capitulum,
2568 2405 2766 2498 quod
2832 2426 2979 2480 non
3032 2405 3249 2479 babet

905 2525 1151 2597 minus
1206 2523 1383 2598 artis
1442 2524 1924 2619 praecedente,
1992 2524 2329 2617 sequitur
2389 2524 2630 2619 ipsum
2691 2526 2766 2599 in
2816 2525 3073 2600 ordine
3139 2524 3249 2598 di-

905 2629 1214 2719 videndi.
1259 2643 1493 2717 Habet
1543 2662 1723 2738 ergo
1773 2648 2095 2736 quatuor
2148 2649 2393 2738 partes
2440 2644 2865 2739 generales3
2902 2646 3138 2740 prima
3169 2635 3240 2736 (¹)

905 2783 1227 2857 quarum
1298 2762 1620 2836 continet
1689 2763 2227 2857 comploratum
2303 2762 2811 2857 dominarum,
2887 2770 2963 2838 et
3038 2784 3249 2837 suam

903 2880 1513 2978 praeparationem
1578 2886 1651 2955 et
1717 2880 1990 2955 bonam
2056 2880 2601 2975 dispositionem
2679 2903 2895 2957 suam
2970 2883 3065 2958 ad
3140 2881 3251 2956 di-

904 3001 1156 3077 cenda.
1210 3002 1290 3073 ln
1340 2999 1659 3076 secunda
1694 2999 1990 3074 Beatrix
2024 2999 2349 3095 praedicit
2381 3020 2515 3095 pro
2550 3003 3045 3076 consolatione
3089 3002 3252 3075 vin-

905 3118 1172 3193 dictam
1227 3125 1716 3212 sequuturam
1766 3119 1841 3191 in
1904 3118 2134 3211 brevi,
2186 3118 2331 3191 ibi:
2399 3123 2619 3211 Sappi
2675 3123 2797 3193 che
2829 3124 2881 3194 ’l
2926 3142 3121 3193 vaso.
3174 3122 3253 3193 In

904 3239 1120 3313 tertia
1171 3238 1418 3332 arguit
1469 3238 1986 3334 negligentiam
2030 3245 2105 3313 et
2142 3238 2535 3313 ruditatem
2587 3246 2824 3335 poetae
2873 3240 2948 3313 in
2989 3240 3253 3316 intelli-

903 3357 1145 3453 gendo
1197 3375 1315 3429 roe
1365 3355 1577 3450 visaS‚
1614 3356 1750 3430 ibi:
1805 3362 2074 3430 Dorme
2123 3361 2193 3430 lo
2225 3360 2544 3449 ἠρερηο.
2583 3360 2663 3432 In
2698 3366 2961 3453 quarta
3013 3367 3087 3434 et
3139 3360 3253 3433 ul-

906 3475 1084 3548 tima
1120 3479 1335 3570 poeta
1369 3474 1679 3549 ostendit
1713 3461 2031 3569 qualitor
2070 3475 2223 3571 ipse
2263 3477 2683 3572 pervenerit
2731 3478 2824 3551 ad
2874 3497 3248 3553 summam

906 3603 982 3672 et
1033 3596 1365 3669 ultimam
1433 3596 1955 3689 perfectionem
2008 3596 2321 3690 virtum,
2392 3595 2535 3669 ibi:
2606 3601 2672 3668 E
2718 3592 2841 3690 pit)
2891 3618 3246 3672 corrusco.

906 3713 1015 3789 Ad
1064 3715 1385 3810 primum
1438 3735 1620 3811 ergo
1669 3713 1831 3789 dico
1886 3714 2084 3808 quod
2124 3721 2338 3810 poeta
2389 3715 2629 3809 primo
2669 3715 3012 3790 describit
3045 3736 3251 3790 com-

907 3836 1276 3930 ploratum
1304 3833 1597 3907 illarum
1625 3832 2115 3907 dominarum.
2147 3834 2234 3907 Et
2261 3833 2789 3908 sententialiter
2814 3835 2972 3908 vult
3004 3835 3253 3909 dicere

906 3954 1105 4048 quod
1156 3953 1296 4026 illae
1347 3951 1662 4026 dominae
1712 3972 1804 4026 ex
1840 3952 2096 4026 dolore
2138 3953 2507 4047 plorantes
2552 3958 2939 4047 coeperunt
2986 3951 3254 4027 decan-

908 4079 1067 4148 tare
1118 4094 1352 4147 unum
1383 4062 1456 4165 (³)
1503 4072 1866 4168 psalmum
1910 4071 2138 4145 David
2173 4070 2301 4165 qni
2337 4071 2621 4166 incipit:
2661 4077 2874 4164 Deus,
2922 4079 3258 4145 venerunt

907 4199 1140 4281 qemes
1187 4195 1262 4264 in
1311 4193 1782 4264 haereditatem
1830 4196 2026 4262 tuam
2077 4195 2213 4263 etc.
2271 4190 2352 4263 In
2402 4210 2553 4283 quo
2614 4191 2912 4284 quidem
2975 4191 3257 4287 psalmo

1060 4414 1074 4442 ί

1032 4416 1094 4551 ((Ἲ)
1120 4413 1719 4554 ὲῗξυΐῖτῗιξιῗῖἳέωω
1753 4490 2053 4541 continetur
2085 4490 2319 4553 ploratus
2359 4491 2705 4551 dominarum,
2738 4495 2795 4542 et
2826 4505 2918 4542 sua
2951 4492 3257 4555 prop-nuo

910 4563 1642 4627 othomdtspostuomad
1675 4565 1908 4616 dicenda.
2319 4564 3004 4630 &Runumexpoalmis
3038 4566 3255 4618 novula.
