3734 5567
920 424 1063 489 472
1700 432 2109 486 couENTUM
2158 432 2492 484 PAnAmsr

920 582 1109 655 milis
1158 578 1665 671 salamandrae,
1717 597 1908 671 quae,
1963 584 2045 650 ut
2096 576 2264 651 dicit
2314 575 2606 669 Plinius,
2661 575 2722 648 si
2771 572 3090 649 ascendit
3135 593 3259 646 ar-

918 702 1175 775 borem
1232 698 1453 772 inficit
1502 697 1946 794 generaliter
1995 716 2254 770 omnes
2289 695 2590 789 fructus,
2629 695 2728 768 ita
2771 693 2970 787 quod
3008 711 3260 767 omnes

921 826 1170 916 postea
1202 824 1579 916 gustantes
1618 816 1785 890 inde
1820 816 2282 911 moriuntur3
2334 816 2436 890 ita
2486 815 2720 889 Adam
2770 819 3073 910 gustans
3107 813 3262 885 fru-

920 949 1119 1015 ctum
1141 939 1426 1014 arboris
1451 937 1695 1012 infecit
1720 957 1978 1012 omnes
2002 936 2289 1011 animas
2315 944 2781 1032 posterorum
2812 934 2940 1028 qui
2969 935 3264 1008 fuerunt

920 1063 996 1136 in
1028 1060 1289 1136 eadem
1328 1059 1795 1134 damnatione
1827 1078 2107 1132 secum.
2129 1053 2365 1131 -Νεὶ
2401 1057 2529 1132 Hic
2564 1056 2856 1130 Beatrix
2891 1055 3043 1128 istis
3077 1074 3265 1149 prae-

922 1181 1157 1255 missis
1194 1181 1443 1254 volens
1478 1179 1733 1254 venire
1772 1179 1865 1254 ad
1901 1179 2365 1273 solutionem,
2403 1178 2570 1253 facit
2605 1198 2830 1251 unam
2871 1176 3266 1251 distinctio-

925 1323 1093 1377 nem
1149 1302 1664 1392 bimembrem,
1707 1305 1792 1372 ut
1842 1321 1990 1375 una
2026 1307 2235 1395 parte
2274 1304 2556 1374 cassata
2590 1297 2978 1373 concludat
3013 1316 3266 1371 neces-

924 1423 1118 1497 sario
1168 1423 1502 1496 alteram.
1541 1419 1725 1493 Dicit
1765 1440 1981 1516 ergo:
2023 1415 2126 1494 Ne*
2146 1424 2480 1493 ricovrar
2506 1421 2803 1512 potensi,
2846 1419 2967 1492 illa
3001 1424 3265 1492 natura

924 1544 1250 1616 humana
1299 1541 1668 1632 damnata,
1719 1562 1794 1613 se
1843 1547 1914 1613 tu
1964 1541 2131 1614 badi
2195 1541 2324 1613 ben
2384 1543 2813 1631 sottilmente,
2873 1538 3080 1632 idest,
3137 1536 3265 1611 ad-

922 1662 1146 1737 vertis
1196 1662 1526 1755 solerter,
1567 1682 1704 1754 per
1762 1663 2020 1734 alcuna
2086 1664 2226 1751 via,
2276 1681 2495 1733 senza
2545 1680 2814 1752 passm·
2869 1679 3003 1751 per
3051 1677 3146 1729 un
3195 1657 3268 1729 di

923 1784 1139 1874 questi
1185 1783 1429 1872 quadi,
1471 1781 1679 1874 quasi
1729 1780 1958 1854 dicat:
2013 1781 2248 1854 altero
2301 1779 2609 1853 istorum
2668 1777 3090 1868 modorum,
3131 1775 3269 1850 sci-

926 1900 1113 1994 licet,
1167 1901 1284 1975 vel
1343 1900 1539 1993 quod
1608 1900 1828 1992 DeuS,
1886 1900 2000 1974 vel
2068 1899 2268 1993 quod
2328 1899 2549 1972 homo
2617 1897 2990 1972 hominem
3062 1917 3268 1991 repa-

928 2026 1160 2114 raret3
1215 2020 1411 2094 unde
1460 2019 1666 2093 dicit:
1720 2041 1764 2090 o
1797 2022 1918 2091 che
1953 2022 2092 2092 Dio
2120 2041 2254 2111 per
2287 2039 2420 2091 sua
2454 2022 2777 2112 cor-tesia,
2818 2017 3024 2110 idest,
3065 2037 3270 2091 mera

926 2141 1382 2232 liberalitate,
1436 2159 1582 2212 non
1633 2159 1723 2213 ex
1777 2139 2045 2233 debit0,
2098 2143 2393 2213 dimesso
2443 2161 2707 2231 avesse,
2741 2139 2780 2182 *
2806 2138 3011 2232 idest,
3048 2137 3270 2213 remi-

930 2261 1137 2334 sisset
1187 2260 1506 2353 culpam,
1558 2278 1603 2331 o
1653 2261 1772 2331 che
1823 2262 1866 2332 ἴ
1893 2280 2056 2331 nom
2095 2283 2234 2354 per
2266 2282 2338 2334 se
2368 2263 2537 2353 isso,
2580 2280 2711 2354 per
2746 2259 3270 2355 poenitentiam,

932 2400 1170 2452 avesse
1193 2380 1231 2421 *
1261 2372 1333 2471 (¹)
1377 2382 1788 2473 soddissatco
1822 2401 1872 2452 a
1903 2401 2035 2453 sua
2064 2384 2298 2474 follia,
2335 2380 2539 2475 idest,
2582 2400 2719 2453 suo
2763 2379 2930 2453 fallo
2977 2386 3051 2454 et
3103 2399 3273 2474 pec-

931 2506 1116 2575 cato.
1147 2503 1498 2572 —Ficca.
1549 2500 1677 2573 Hic
1722 2499 2021 2573 Beatrix
2075 2501 2378 2575 intendit
2418 2520 2711 2575 cassare
2751 2506 3038 2595 partem
3091 2500 3274 2573 divi-

931 2618 1149 2693 sionis
1200 2638 1347 2692 non
1396 2638 1681 2713 veram,
1735 2619 2006 2694 scilicet
2056 2620 2255 2713 quod
2305 2621 2529 2694 homo
2593 2641 2724 2716 per
2784 2640 2864 2694 se
2916 2640 3064 2693 non
3116 2626 3275 2693 erat

931 2738 1300 2814 sufficiens
1349 2739 1443 2813 ad
1497 2740 2033 2835 reparationem
2101 2741 2414 2814 hominis
2471 2741 2670 2837 lapsi.
2734 2741 2841 2814 Ad
2906 2741 3104 2835 quod
3168 2748 3276 2814 est

929 2860 1334 2935 notandum
1403 2858 1600 2952 quod
1659 2860 1883 2933 bomo
1948 2860 2215 2935 cadens
2278 2861 2351 2934 in
2409 2863 2699 2956 culpam
2769 2869 3175 2936 recesserat
3231 2882 3277 2935 a

930 2978 1279 3075 principio
1331 2976 1854 3072 potentissimo,
1910 2978 2619 3073 benevolentissimo,
2671 2980 2836 3054 ideo
2889 2986 3278 3054 corruerat

929 3099 1003 3170 in
1053 3096 1574 3191 infirmitatem,
1626 3097 2139 3192 ignorantiam,
2177 3098 2747 3194 malignitatem;
2802 3104 2877 3173 et
2927 3099 3019 3172 de
3072 3097 3283 3194 spiri-

931 3215 1110 3289 tuali
1161 3214 1466 3289 effectus
1516 3220 1625 3289 est
1676 3216 2012 3309 carnalis,
2059 3218 2436 3311 sensualiS,
2472 3217 2761 3312 ineptus
2811 3217 2905 3292 ad
2956 3217 3277 3292 divinam

935 3336 1282 3408 virtutem
1320 3333 1770 3408 imitandam.
1800 3335 1906 3410 Ad
1935 3336 2220 3411 literam
2260 3358 2475 3434 ergo:
2513 3339 2807 3413 Beatrix
2834 3338 3077 3433 primo
3112 3337 3283 3411 red-

933 3456 1035 3529 dit
1060 3461 1398 3529 autorem
1436 3460 1799 3530 attentum
1837 3456 1930 3530 ad
1964 3456 2528 3551 improbandum
2558 3479 2790 3532 unum
2831 3459 3282 3550 membrum,

934 3576 1213 3650 dicens:
1248 3579 1456 3649 Ficca
1480 3596 1594 3648 mo
1631 3579 1675 3649 ἴ
1693 3579 1954 3668 occhi0,
1985 3577 2186 3671 idest,
2214 3578 2784 3673 speculationem
2821 3579 3282 3653 intellectua-

934 3697 1104 3790 lem,
1150 3717 1284 3788 per
1332 3705 1532 3781 encro,
1583 3700 1627 3769 l’
1653 3697 1915 3787 abisse,
1966 3697 2171 3791 idest,
2225 3699 2819 3793 profunditatem,
2869 3701 3027 3773 dell
3045 3709 3281 3774 eterno

933 3820 1296 3910 consiyliO,
1347 3818 1475 3911 qui
1510 3817 1611 3890 sic
1646 3817 1971 3893 decrevit
2026 3818 2099 3891 in
2150 3826 2428 3894 aeterno
2479 3820 2779 3895 consilio
2821 3841 2982 3913 suo,
3020 3827 3279 3912 quanto

924 3941 1098 4029 pum·
1144 3940 1680 4012 discrectamente
1722 3941 1920 4029 fisse,
1959 3936 2161 4032 idest,
2214 3946 2576 4033 quantum
2630 3939 2966 4033 possibile
3009 3946 3121 4013 est
3167 3940 3280 4013 in-

930 4057 1250 4131 tellectui
1302 4058 1374 4130 in
1427 4078 1739 4152 corpore
1792 4058 2106 4133 hominis
2155 4059 2464 4133 viventis
2514 4066 2589 4132 et
2639 4080 2771 4154 per
2821 4061 3094 4133 coelum
3138 4061 3281 4135 dis-

930 4177 1316 4270 currentis,
1369 4181 1447 4251 al
1494 4182 1633 4252 mio
1662 4180 1954 4271 parlar,
1991 4179 2188 4272 quod
2225 4199 2405 4273 paro
2444 4178 2722 4272 facere3
2759 4184 2834 4253 et
2867 4199 3082 4255 ecce:
3135 4202 3279 4255 non

921 4300 1134 4385 polea
1184 4296 1228 4365 F
1254 4315 1461 4366 nomo
1510 4300 1625 4370 nei
1673 4300 1950 4369 termini
1996 4301 2176 4387 suoi,
2229 4298 2498 4372 scilicet
2547 4298 2622 4371 in
2673 4299 2877 4394 puris
2924 4301 3279 4375 naturali-

1063 4554 1118 4617 (')
1149 4554 1222 4604 Le
1255 4553 1434 4618 parole
1466 4554 1546 4605 fra
1580 4558 1597 4606 i
1629 4556 1731 4607 due
1761 4558 2028 4608 asterischi
2059 4570 2153 4610 son
2183 4562 2408 4624 supplite
2438 4562 2576 4627 dagli
2606 4563 2727 4614 altri
2759 4567 2839 4614 tre
2869 4562 3062 4614 codici.
