3734 5567
831 469 975 534 246
1557 474 1966 530 coMENTUM
2017 476 2456 530 PURGATORII

827 624 1084 698 boravi
1134 623 1416 719 poetice
1466 621 1710 715 fidem,
1761 624 2193 712 sequitavam
2229 624 2302 695 la
2344 629 2581 712 ruota,
2617 621 2889 695 scilicet
2927 620 3184 695 dexte-

830 766 988 818 ram
1027 743 1120 818 ad
1171 764 1397 838 quam
1433 763 1702 817 currus
1748 762 1829 816 se
1874 742 2123 834 volvit,
2166 750 2247 814 ut
2281 762 2504 837 supra
2539 740 2844 835 dicitur3
2883 747 2958 816 et
2992 741 3186 837 figu-

826 869 942 937 rat
992 863 1189 958 quod
1241 863 1545 937 ecclesia
1597 863 1920 937 volvitur
1969 883 2192 957 supra
2260 882 2540 936 novum
2609 867 3180 953 testamentum3

829 983 991 1057 ideo
1058 984 1249 1057 bene
1317 983 1431 1055 isti
1497 982 1873 1056 christiani
1946 982 2449 1075 sequebantur
2512 981 2710 1054 illam
2774 987 3035 1055 rotam.
3093 980 3181 1053 Et

827 1103 1189 1199 specificat
1240 1102 1469 1198 ipsam
1521 1109 1761 1177 rotam
1815 1123 1947 1197 per
1996 1101 2313 1198 signum,
2351 1101 2643 1176 dicens:
2697 1104 2815 1173 che
2859 1106 2931 1194 se
2981 1104 3026 1173 l'
3053 1121 3177 1172 or-

829 1225 968 1296 bita
1017 1244 1176 1315 sua,
1228 1223 1430 1317 idest,
1487 1223 1879 1318 vestigium
1933 1222 2129 1317 quod
2182 1221 2349 1295 facit
2390 1227 2554 1296 rota
2589 1220 2662 1294 in
2699 1220 2839 1315 via,
2878 1242 3012 1293 con
3046 1223 3182 1293 mi-

827 1365 967 1417 nor
1017 1364 1215 1436 arco,
1270 1343 1452 1417 idest
1485 1343 1787 1435 circulo,
1824 1363 2048 1437 quam
2087 1341 2339 1415 fecerit
2375 1341 2661 1414 sinistra
2697 1348 2892 1414 rota:
2931 1345 3005 1413 et
3039 1340 3178 1413 hoc

830 1463 1166 1539 videmus
1222 1462 1317 1537 de
1379 1463 1567 1537 facto
1626 1462 1825 1555 quod
1888 1461 2512 1554 quandocumque
2577 1460 2839 1553 aliquis
2908 1481 3180 1534 currus

834 1582 1257 1675 revolvitur,
1313 1587 1474 1656 rota
1525 1580 1828 1655 interior
1880 1580 2050 1657 facit
2111 1581 2475 1655 minorem
2530 1580 2894 1654 circulum
2948 1599 3170 1672 quam

830 1700 1176 1795 exterior,
1232 1720 1428 1773 nunc
1477 1705 1733 1773 autem
1787 1705 1948 1774 rota
2002 1699 2305 1774 interior
2367 1707 2529 1773 erat
2590 1699 2849 1773 dextra
2918 1699 2993 1771 in
3043 1699 3176 1772 ista

834 1819 1335 1895 revolutione:
1399 1821 1538 1894 hoc
1598 1820 1823 1894 etiam
1892 1825 2092 1914 patet
2162 1819 2575 1915 allegorice,
2646 1820 2821 1913 quia
2894 1839 3172 1893 novum

831 1945 1355 2014 testamentum
1408 1939 1577 2013 facit
1628 1940 1862 2015 multo
1926 1938 2168 2012 minus
2233 1940 2581 2014 volumen
2642 1961 2868 2033 quam
2938 1946 3172 2032 vetuS,

832 2061 952 2134 vel
1005 2059 1176 2152 quia
1212 2079 1346 2154 per
1382 2079 1656 2132 novum
1695 2065 2217 2133 testamentum
2256 2059 2535 2133 facilius
2570 2064 2644 2133 et
2676 2061 2888 2134 citius
2921 2081 3180 2134 ascen-

830 2177 1028 2250 ditur
1078 2177 1374 2250 coelum.
1433 2176 1521 2249 Et
1571 2177 1812 2251 subdit
1860 2178 2062 2271 quod
2112 2178 2516 2252 secundum
2571 2186 2858 2253 motum
2908 2180 3176 2253 ambu—

833 2296 1143 2370 lantium
1199 2298 1585 2371 resonabat
1634 2298 1947 2372 melodia
1991 2299 2431 2393 angelorum
2482 2298 2522 2342 *
2555 2300 3030 2394 cantantium,
3065 2300 3172 2374 di·-

834 2434 1055 2488 cens:
1122 2419 1241 2488 κη’
1268 2419 1586 2506 αηῃεῐίοα
1646 2424 1848 2510 nota,
1926 2417 2139 2510 idest,
2209 2424 2469 2492 cantus
2534 2421 2972 2515 angelorum
3008 2419 3048 2463 *
3076 2412 3175 2511 (¹),

832 2540 1196 2627 temprava
1242 2538 1271 2607 i
1312 2539 1531 2628 passi,
1589 2535 2115 2611 conformando
2166 2538 2442 2632 pariter
2492 2545 2569 2610 et
2618 2538 3178 2633 proportionali-

830 2659 947 2729 ter
973 2646 1075 2747 (²),
1116 2647 1177 2727 si
1209 2658 1759 2748 passeqqiandO,
1806 2655 2013 2748 idest,
2055 2656 2263 2729 nobis
2305 2657 2928 2751 percurrentibuS,
2967 2661 3012 2729 Γ
3034 2661 3178 2731 aeta

829 2777 1046 2867 selva,
1105 2795 1252 2868 qua
1304 2776 1505 2849 nulla
1557 2782 1666 2849 est
1714 2776 1953 2869 altior,
2008 2776 2181 2868 quia
2241 2775 2652 2871 propinqua
2716 2779 2926 2871 coelo,
2981 2785 3170 2869 vota,

833 2893 1032 2987 idest,
1089 2900 1399 2969 vacuata
1451 2901 1525 2969 et
1574 2896 1855 2989 privata
1926 2897 2479 2990 habitatoribuS,
2531 2900 2732 2989 colpa
2795 2900 2872 2970 di
2918 2900 3171 2988 quella,

831 3013 1121 3106 scilicet,
1188 3013 1381 3109 Evae,
1444 3017 1547 3086 ch’
1571 3018 1651 3087 al
1702 3023 2015 3107 serpente
2081 3037 2296 3109 erese,
2364 3015 2570 3110 idest,
2640 3037 2821 3117 quae-
2877 3015 3183 3090 credidit

831 3130 1143 3225 diabolo,
1197 3137 1269 3206 et
1309 3123 1381 3224 (³)
1437 3133 1569 3206 sibi
1621 3135 1924 3208 credidit
1975 3135 2127 3228 vir3
2189 3136 2388 3210 unde
2451 3137 2671 3230 paulo
2731 3136 2917 3210 infra
2979 3135 3179 3230 ponit

835 3250 1220 3343 querelam
1270 3250 1362 3325 de
1416 3251 1680 3327 Adam:
1734 3254 1861 3328 sed
1912 3262 2115 3329 certe
2163 3255 2257 3329 ad
2299 3257 2591 3350 culpam
2651 3257 2997 3331 continuo
3058 3278 3177 3331 se-

833 3375 1006 3443 cuta
1057 3377 1166 3444 est
1216 3391 1465 3466 poena3
1520 3394 1690 3446 nam
1745 3381 2065 3467 uterque
2100 3375 2332 3449 sactus
2374 3377 2572 3469 exul,
2615 3376 2842 3450 miser
2875 3383 2949 3450 et
2990 3396 3175 3471 pau-

832 3507 988 3582 per,
1039 3489 1369 3581 omnium
1425 3511 1726 3587 egenus,
1770 3493 2140 3567 subiectus
2194 3495 2410 3568 morti
2464 3495 2640 3569 vidit
2689 3495 2937 3569 omnia
2987 3495 3178 3569 dura

832 3606 1087 3680 auditu
1136 3608 1405 3683 nedum
1462 3613 1819 3706 toleratu;
1866 3618 1942 3686 et
1990 3612 2181 3687 inter
2230 3614 2634 3689 anxietates
2687 3622 2762 3689 et
2811 3615 3000 3689 inter
3051 3636 3184 3689 an-

718 3725 739 3735 “
831 3727 1107 3823 gustias
1137 3812 1143 3816 ⁵
1175 3728 1468 3825 longam
1542 3736 1616 3805 et
1683 3732 1949 3806 fessam
2016 3733 2225 3807 malis
2291 3733 2709 3808 terminavit
2778 3735 3030 3809 vitam.
3101 3734 3176 3807 Si

833 3866 1013 3942 ergo
1081 3848 1469 3943 prohibitio
1536 3850 1745 3922 auxit
1807 3851 2471 3946 concupiscentiam
2553 3853 2773 3925 huius
2852 3851 3177 3926 mulieris

834 3968 1164 4061 excelsae,
1218 3969 1392 4063 quid
1447 3969 1720 4042 mirum
1775 3970 1834 4043 si
1886 3971 2135 4044 nullus
2188 3978 2429 4045 metus
2474 3973 2727 4046 mortis
2765 3977 2997 4066 potest
3038 3991 3181 4045 cae-

836 4089 1497 4171 terascontinere‘?
1533 4111 1851 4183 quarum
1891 4110 2159 4185 corpus
2196 4091 2435 4182 molle,
2472 4091 2760 4164 animus
2795 4090 2956 4164 vilis
2990 4111 3179 4185 prae-

835 4205 1078 4299 cipitat
1131 4207 1206 4278 in
1254 4228 1555 4282 omnem
1610 4208 2159 4303 turpitudinem,
2211 4229 2348 4283 nec
2399 4210 2627 4283 sraeno
2678 4211 3004 4284 coerceri
3051 4231 3179 4305 po-

839 4329 976 4397 test
1010 4324 1446 4400 indomitum
1478 4328 1773 4420 animal,
1802 4327 2015 4401 cuius
2049 4326 2163 4401 vir
2197 4327 2651 4421 frequentius
2688 4336 2797 4402 est
2830 4330 2904 4403 in
2943 4331 3177 4423 culpa.

961 4511 1018 4573 (¹)
1048 4512 1120 4561 Le
1153 4515 1330 4575 parole
1362 4514 1444 4563 fra
1477 4516 1491 4563 i
1525 4516 1626 4565 duo
1658 4516 1923 4566 asterischi
1954 4530 2048 4567 son
2080 4516 2302 4579 supplite
2334 4517 2417 4567 dai
2448 4518 2619 4568 Codici
2657 4522 2747 4568 11⁷
2782 4531 2811 4567 e
2844 4518 3075 4568 Estense.

961 4585 1017 4651 (¹)
1053 4592 1159 4648 11⁷,
1194 4591 1722 4654 proportionabiliter.
2165 4591 2218 4656 (⁸)
2248 4594 2312 4645 E.
2344 4599 2398 4645 et
2429 4596 2583 4646 etiam
2618 4596 2731 4646 sibi.
