3734 5567
1224 465 1503 522 GAN'rus
1553 469 1945 524 vlosssmus
1995 468 2281 522 PRIMUS.
2877 459 2919 524 7

577 609 927 703 principio
978 610 1193 686 datus
1244 619 1354 686 est
1404 614 1678 687 homini
1731 614 2094 689 terminus
2128 614 2439 694 vivendi.
2478 594 2633 689 Hoc
2670 623 2922 690 autem

579 737 816 805 totum
869 751 1015 804 non
1068 733 1228 804 vult
1277 733 1475 808 aliud
1526 734 1771 809 dicere
1807 734 1941 807 nisi
1986 735 2183 829 quod
2237 735 2369 811 iste
2420 737 2662 811 adhuc
2715 737 2925 811 vivus

574 871 722 924 non
772 856 1060 945 poterat
1110 853 1309 926 solus
1359 853 1506 927 huc
1570 855 1970 929 ascendere
1997 847 2100 948 (⁴),
2162 856 2332 949 quia
2398 877 2610 931 more
2674 864 2924 930 nostro

573 990 720 1043 non
773 976 1060 1064 poterat
1109 973 1609 1067 contemplari.
1665 975 1753 1047 Et
1804 974 2209 1048 concludit:
2253 978 2416 1047 ond'
2443 979 2513 1047 io
2557 980 2666 1069 sui
2714 982 2924 1048 tratto

566 1095 738 1185 fuor
807 1095 894 1164 de
960 1093 1005 1164 l'
1024 1095 1265 1184 ampia
1323 1096 1494 1184 yola
1566 1096 1636 1166 d'
1660 1097 1968 1188 infer-nc,
2037 1095 2244 1190 idest,
2313 1095 2406 1170 de
2482 1096 2729 1190 limbo,
2795 1095 2921 1188 qui

572 1217 681 1286 est
730 1212 1013 1307 primus
1066 1232 1381 1307 magnus
1431 1212 1750 1287 circulus
1804 1213 1878 1286 in
1922 1213 2223 1288 introitu
2276 1214 2560 1309 inferni,
2590 1236 2723 1308 per
2763 1233 2919 1287 mo-

570 1336 845 1426 strarli,
891 1332 1184 1426 scilicet,
1239 1353 1491 1426 poenas
1542 1333 2104 1427 damnatorum3
2156 1356 2194 1405 e
2244 1337 2667 1408 mostrerolli
2715 1338 2919 1425 olcre,

573 1452 864 1547 scilicet,
916 1472 1171 1547 poenas
1221 1459 1734 1548 purgatorum,
1789 1460 2047 1544 quanto
2086 1455 2138 1525 ’l
2193 1444 2410 1546 potrd
2462 1475 2710 1526 merear
2775 1455 2920 1525 mia

571 1573 836 1661 scuola,
889 1570 1096 1665 idest,
1150 1591 1316 1645 mea
1367 1572 1718 1646 doctrina.
1758 1573 1958 1646 Bene
2008 1573 2201 1666 dicit,
2238 1574 2410 1667 quia
2463 1573 2650 1647 ratio
2701 1578 2923 1646 natu-

572 1692 742 1766 ralis
792 1712 923 1787 per
975 1691 1349 1766 scientiam
1404 1692 1806 1766 humanam
1859 1693 2255 1789 cognoscit,
2300 1693 2496 1788 quod
2551 1692 2738 1765 vitiis
2789 1691 2921 1765 de-

571 1812 841 1886 bentur
893 1808 1408 1907 supplicia3'et
1457 1813 1696 1886 omnis
1748 1813 1864 1887 lex
1920 1814 2058 1887 hoc
2099 1814 2312 1908 jubet
2362 1820 2435 1888 et
2485 1813 2721 1887 omnis
2756 1811 2917 1906 phi-

570 1930 895 2025 losophia
949 1932 1088 2006 hoc
1116 1923 1191 2023 (²)
1248 1932 1484 2006 sentit.

718 2055 843 2124 Ma
892 2053 1151 2124 dimmi.
1206 2051 1350 2125 Ista
1403 2057 1512 2126 est
1563 2052 1885 2126 secunda
1937 2072 2106 2146 pars
2157 2052 2590 2147 principaliS,
2643 2052 2717 2125 in
2769 2073 2919 2146 qua

574 2171 917 2267 Virgilius
968 2172 1233 2265 quaerit
1282 2193 1327 2247 a
1379 2171 1606 2246 Statio
1649 2172 1742 2246 de
1777 2192 2001 2245 causa
2045 2176 2511 2246 terraemotus
2546 2178 2620 2245 et
2661 2176 2920 2245 cantus

576 2291 763 2365 facti.
820 2291 1003 2365 Dicit
1053 2312 1273 2388 ergo:
1327 2296 1453 2365 Ma
1502 2295 1743 2365 dimmi
1788 2314 1863 2364 se
1914 2299 1983 2364 tu
2016 2294 2152 2381 sai,
2199 2290 2682 2390 verisimiliter
2717 2289 2915 2365 enim

571 2411 795 2486 debes
845 2411 1034 2487 scire
1099 2433 1270 2488 cum
1325 2413 1611 2487 steteris
1676 2412 1793 2486 hic
1858 2432 1989 2506 per
2048 2417 2154 2486 tot
2215 2413 2460 2486 secula
2521 2432 2913 2505 annorum,

558 2530 819 2627 perche*
854 2536 905 2606 ’l
950 2541 1176 2606 monte
1226 2527 1341 2607 die*
1386 2536 1629 2607 dianzi
1693 2537 1793 2606 ἰαί
1848 2536 2074 2624 crolli,
2138 2532 2347 2625 idest,
2408 2552 2644 2626 quare
2706 2552 2918 2605 mons

569 2653 767 2728 dedit
817 2654 1036 2748 paulo
1087 2659 1261 2744 ante
1311 2660 1464 2727 tam
1503 2653 1861 2727 terribiles
1899 2659 2142 2726 motus
2177 2659 2252 2727 et
2290 2651 2629 2748 agitatus,
2666 2674 2703 2724 e
2749 2673 2919 2743 per-

568 2769 692 2847 che*
738 2776 886 2847 tutti
934 2775 1035 2845 ad
1084 2793 1258 2864 una,
1312 2778 1385 2848 et
1435 2794 1669 2868 quare
1720 2793 1979 2847 omnes
2030 2772 2322 2866 spiritus
2357 2771 2599 2864 simul,
2645 2793 2915 2863 parver

567 2896 853 2984 yndar,
905 2892 1204 2989 scilicet,
1255 2894 1489 2990 gloria
1539 2895 1614 2967 in
1666 2892 1971 2968 excelsis
2023 2893 2174 2966 Deo
2210 2898 2371 2985 etc.‚
2406 2894 2625 2983 infino
2668 2896 2737 2964 α’
2761 2896 2917 2966 suoi

558 3011 684 3106 pie*
727 3016 964 3087 molli?
1008 3014 1212 3108 idest,
1252 3036 1488 3109 usque
1536 3015 1628 3089 ad
1682 3014 1962 3088 radices
2014 3012 2304 3105 montiS,
2341 3012 2462 3085 ubi
2502 3019 2674 3085 sunt
2704 3012 2910 3108 junci

570 3142 644 3209 et
694 3134 914 3207 limus
967 3136 1226 3230 molliS,
1280 3142 1363 3208 ut
1414 3134 1645 3229 patuit
1697 3134 1936 3229 primo
1988 3132 2304 3227 capitulo
2349 3132 2565 3205 buius
2606 3132 2789 3206 libri.
2828 3134 2916 3205 Et

567 3254 811 3330 subdit
860 3263 1098 3351 poeta,
1153 3256 1349 3350 quod
1401 3276 1494 3330 ex
1546 3256 1699 3329 sola
1752 3253 2097 3349 petitione
2152 3252 2429 3348 Virgilii
2481 3253 2653 3326 satis
2705 3253 2916 3347 quie-

568 3381 763 3449 tatus
815 3382 925 3450 est
975 3375 1267 3450 animus
1322 3375 1503 3468 eiuS,
1556 3373 1752 3468 quia,
1798 3373 2089 3467 scilicet,
2135 3372 2464 3467 concepit
2504 3393 2707 3468 spem
2751 3393 2921 3448 cer-

569 3503 718 3571 tam
771 3495 1045 3570 sciendi
1094 3495 1291 3588 quod
1343 3494 1660 3588 optabat.
1712 3493 1919 3567 Unde
1968 3493 2176 3569 dicit:
2228 3486 2288 3565 si
2337 3496 2435 3566 mi
2471 3489 2587 3567 die*
2633 3496 2914 3568 diman-

566 3616 836 3705 dandO,
897 3615 1016 3689 ille
1075 3614 1419 3710 Virgilius
1469 3614 1560 3688 de
1611 3613 2009 3708 praedictis;
2059 3635 2194 3706 per
2258 3617 2331 3686 la
2380 3634 2563 3687 cuna
2613 3617 2727 3688 del
2774 3617 2913 3710 mio

569 3735 777 3824 dis-io,
828 3734 1034 3828 idest,
1077 3734 1534 3809 cunabulum
1583 3732 1946 3826 desiderii,
1983 3733 2156 3827 quia
2198 3734 2674 3827 expectabam
2712 3734 2914 3810 velut

566 3875 754 3949 puer
806 3856 881 3929 in
931 3855 1303 3929 cunabulo
1353 3859 1693 3948 expectat
1726 3854 1841 3927 lac
1889 3875 1934 3927 a
1988 3853 2273 3928 nutrice
2313 3873 2486 3927 cum
2528 3862 2748 3928 acuto
2782 3874 2913 3947 ap-

566 3975 817 4069 petitu,
870 3976 991 4048 che
1040 3976 1113 4046 la
1165 3975 1310 4046 mia
1355 3979 1518 4062 sete,
1569 3971 1773 4065 idest,
1826 3971 2269 4046 desiderium
2313 3971 2605 4066 sciendi,
2662 3975 2726 4045 si
2767 3976 2914 4065 fece

567 4115 724 4167 men
774 4098 1092 4185 diyiuna,
1145 4092 1351 4186 idest,
1402 4098 1773 4187 appetem,
1819 4111 1963 4182 pur
2012 4111 2144 4163 con
2195 4094 2268 4164 la
2308 4112 2690 4184 speranza,
2742 4097 2914 4167 ante

569 4214 1141 4309 responsionem.
1189 4253 1288 4267 —
1336 4215 1523 4300 Quei.
1594 4212 1725 4285 Hic
1793 4216 2009 4304 poeta
2086 4211 2287 4304 ponit
2363 4211 2908 4307 responsionem

570 4334 772 4411 Statii
836 4335 963 4429 qui
1025 4334 1407 4409 exorditur
1435 4324 1510 4425 (³)
1579 4352 1842 4425 parum
1909 4354 1954 4406 a
2020 4334 2277 4428 longe;
2335 4340 2411 4407 et
2470 4332 2661 4426 dicit,
2714 4331 2910 4426 quod

689 4596 745 4661 (¹)
778 4601 887 4658 11⁷,
920 4597 1187 4650 accedere.
1440 4594 1497 4659 (¹)
1529 4597 1579 4647 S.
1612 4596 1715 4646 hoc
1747 4595 1943 4646 scribit.
2198 4594 2251 4655 (⁸)
2284 4595 2347 4645 E.
2381 4594 2652 4646 exorditur
2687 4605 2716 4641 a
2748 4592 2918 4655 longe.
