3734 5567
886 472 1029 539 296
1663 479 2071 536 commu
2125 483 2459 536 mmmm

877 626 1174 703 scientia
1224 625 1419 700 Deus
1469 623 1987 718 comprehendi
2037 631 2274 720 potest
2291 641 2329 720 3·
2364 632 2476 700 est
2533 625 2731 700 enim
2792 626 3220 720 immensus,

876 744 1638 841 incomprehensibiliS‚
1691 745 2248 839 innominabiliS‚
2303 744 2702 851 ineffabilis,
2757 746 2942 822 Nota
2994 748 3217 822 etiam

872 868 1070 963 quod
1112 867 1330 941 huius
1363 866 1531 940 dicti
1565 886 1789 940 causa
1825 871 1959 960 est,
1997 866 2170 960 quia
2206 866 2614 941 intellectus
2652 886 2800 940 uon
2835 874 2947 942 est
2987 867 3219 942 virtus

871 987 1218 1084 organica
1270 986 1459 1060 sicut
1510 986 1894 1080 memoria,
1936 986 2100 1060 ideo
2151 991 2260 1061 est
2313 985 2618 1060 vicinior
2668 986 2924 1081 primae
2972 1007 3218 1063 causae

872 1129 1100 1201 quam
1150 1127 1446 1201 sensus3
1499 1113 1573 1181 et
1623 1106 1726 1180 sic
1777 1106 2189 1181 intellectus
2237 1107 2457 1181 habet
2521 1106 2596 1181 in
2653 1127 2734 1181 se
2783 1108 3034 1201 plures
3085 1128 3220 1183 no-

873 1227 1182 1301 bilitates
1232 1232 1308 1300 et
1365 1225 1749 1318 bonitates,
1799 1225 2068 1319 quibus
2127 1225 2405 1300 accedit
2470 1225 2565 1300 ad
2628 1228 3217 1302 conformitatem

875 1345 1131 1441 primae
1179 1365 1444 1419 causae.
1499 1344 1667 1420 Ideo
1719 1345 1912 1420 bene
1948 1345 2367 1420 Aristoteles
2408 1346 2732 1420 secundo
2766 1345 2860 1421 de
2909 1367 3220 1443 genera-

878 1464 1075 1538 tione
1124 1464 1554 1538 animalium
1604 1464 1807 1538 dicit:
1846 1464 2288 1560 relinquitur
2322 1472 2577 1539 autem
2613 1465 3066 1541 intellectum
3100 1486 3220 1540 so-

879 1583 1032 1667 lum
1083 1582 1176 1658 de
1225 1583 1402 1657 foris
1451 1582 1800 1658 advenire
1851 1590 1926 1659 et
1976 1582 2304 1658 divinum
2358 1604 2520 1658 esse
2570 1585 2834 1659 solum.
2865 1626 2963 1638 —
3002 1590 3221 1658 Vera-

879 1711 1116 1778 noente.
1145 1703 1276 1777 Hic
1301 1711 1516 1799 poeta
1540 1704 1775 1799 aperit
1808 1703 2285 1778 intentionem
2315 1725 2524 1779 suam
2562 1704 2756 1779 circa
2793 1710 3216 1800 praetactam

877 1824 1285 1918 materiam,
1333 1830 1742 1919 protestans
1793 1844 1875 1898 se
1922 1823 2296 1899 dicturum
2347 1823 2440 1898 de
2472 1844 2563 1899 ea
2597 1823 3006 1899 secundum
3049 1844 3215 1920 pos-

878 1944 1289 2019 sibilitatem
1343 1965 1554 2018 suam
1576 1969 1596 2038 3
1635 1929 1847 2019 'unde
1880 1944 2052 2018 dicit
2084 1952 2411 2019 tantum:
2474 1948 2725 2032 Quant’
2749 1948 2821 2017 io
2864 1948 3052 2039 potei
3091 1950 3217 2040 sar

877 2070 1132 2153 tesor0,
1197 2063 1400 2156 idest,
1470 2083 1719 2138 caram
1788 2063 2368 2158 acquisitionem,
2438 2064 2611 2158 quia
2679 2066 2919 2139 solum
2995 2064 3222 2139 refert

882 2182 1222 2275 quaedam
1272 2181 1612 2277 pretiosa,
1665 2185 1850 2256 nella
1890 2186 2033 2255 mia
2083 2190 2328 2275 mente,
2363 2183 2567 2279 idest,
2613 2184 2997 2279 memoria,
3047 2203 3215 2278 quae

880 2307 991 2375 est
1060 2303 1451 2376 thesaurus
1500 2302 2030 2397 inventionum,
2082 2310 2166 2377 ut
2222 2303 2391 2377 dicit
2449 2305 2748 2399 TulliuS,
2802 2313 3220 2397 veramente,

878 2421 1084 2517 idest,
1136 2443 1283 2497 non
1334 2423 1762 2498 somniando
1826 2444 2037 2518 vane,
2087 2417 2264 2497 sard
2322 2445 2485 2515 ora,
2544 2425 2836 2519 scilicet,
2886 2425 2980 2500 de
3029 2446 3222 2521 prae-

886 2544 1095 2639 senti,
1149 2548 1446 2618 materia
1494 2545 1609 2617 del
1661 2547 1800 2618 mio
1858 2551 2092 2636 canto,
2128 2545 2344 2640 -idest,
2409 2545 2616 2620 istius
2678 2565 2867 2621 meae
2915 2546 3220 2641 poeticae

880 2662 1399 2758 descriptionis,
1452 2666 1567 2736 del
1610 2684 1834 2755 rayno
1895 2671 2129 2756 santo,
2178 2663 2383 2759 idest,
2443 2664 2537 2739 de
2598 2664 2810 2760 coelo,
2863 2665 3060 2759 quod
3110 2672 3224 2740 est

881 2804 1194 2880 regnum
1247 2790 1695 2859 sanctorum.
1750 2784 1974 2858 Poeta
2024 2783 2221 2858 enim
2282 2783 2656 2878 descripsit
2718 2783 3043 2879 primum
3094 2804 3219 2858 re-

875 2923 1106 2999 gnum
1143 2903 1686 2998 damnatorum,
1722 2902 2127 2977 secundum
2163 2909 2691 2997 purgatorum3
2723 2924 2922 2977 nunc
2956 2903 3216 2978 ultimo

874 3024 1178 3099 intendit
1200 3023 1615 3099 describere
1643 3023 1943 3098 tertium
1972 3043 2283 3119 regnum
2307 3017 2381 3114 (')
2407 3022 3005 3098 beatorum.Vult
3039 3043 3220 3120 ergo

876 3143 1121 3224 dicere
1144 3144 1467 3218 breviter
1500 3150 1573 3217 et
1608 3144 1840 3217 clare:
1879 3162 2019 3239 ego
2047 3142 2378 3216 tractabo
2411 3141 2681 3216 amodo
2707 3142 2801 3216 de
2833 3142 3022 3217 dicta
3057 3164 3221 3217 ma-

878 3261 1060 3348 teria
1110 3262 1516 3336 secundum
1570 3261 1989 3338 facultatem
2043 3260 2425 3336 memori’ae
2474 3280 2704 3355 meae3
2756 3282 2923 3355 quae
2971 3268 3219 3336 tamen

877 3382 1011 3456 fuit
1058 3382 1526 3478 capacissima
1576 3382 1651 3456 in
1700 3382 1855 3476 ipso
1906 3387 2193 3475 autore,
2245 3388 2329 3455 ut
2379 3381 2658 3455 dictum
2724 3388 2838 3456 est
2896 3381 3217 3456 secundo

815 3495 832 3512 '
878 3502 1194 3596 capitulo
1243 3501 1509 3577 Inferni
1558 3501 1753 3576 circa
1803 3501 2263 3596 principium.
2307 3501 2395 3574 Et
2428 3502 2545 3576 hic
2589 3508 2763 3578 nota
2796 3502 2984 3576 bene
3020 3499 3217 3596 quod

879 3623 1069 3697 sicut
1099 3622 1388 3697 distinxi
1421 3621 1782 3717 duplicem
1822 3622 2191 3697 infernum
2226 3622 2301 3695 in
2334 3622 2716 3717 prohemio
2749 3622 3008 3717 primae
3041 3642 3218 3696 can-

877 3743 1060 3839 ticae‚
1096 3751 1169 3818 et
1200 3742 1562 3838 duplicem
1597 3742 2108 3839 purgatorium
2145 3742 2218 3815 in
2252 3741 2634 3836 prohemio
2658 3740 3001 3817 secundae
3037 3761 3215 3815 can-

878 3864 1070 3959 ticae3
1120 3863 1222 3941 ita
1284 3884 1483 3938 nunc
1538 3862 1700 3937 dico
1759 3863 1835 3937 in
1905 3861 2288 3958 prohemio
2338 3861 2559 3935 huius
2619 3861 2854 3936 tertiae
2916 3861 3215 3936 canticae

875 3983 1238 4079 duplicem
1305 4003 1468 4058 esse
1524 3982 1968 4077 paradisum.
2031 3982 2155 4055 Est
2213 3980 2411 4056 enim
2481 3979 2857 4076 paradisus
2919 3979 3216 4055 moralis

873 4122 1047 4176 cum
1099 4103 1346 4177 anima
1393 4103 1635 4178 adhuc
1683 4101 1758 4176 in
1808 4122 2122 4196 corpore
2172 4101 2424 4177 vivens
2472 4100 2597 4176 dat
2624 4092 2700 4193 (²)
2752 4121 2834 4176 se
2882 4100 3216 4196 specula-

875 4220 1082 4315 tioni,
1129 4229 1204 4297 et
1251 4221 1327 4294 in
1377 4241 1684 4297 excessu
1740 4221 2006 4296 mentis
2054 4221 2376 4296 ascendit
2436 4241 2674 4316 usque
2733 4220 2827 4296 ad
2890 4220 3211 4296 divinam

876 4341 1261 4415 essentiam
1313 4361 1446 4437 per
1494 4363 1753 4417 omnes
1804 4361 2056 4436 speras
2100 4343 2459 4416 coelorum
2514 4348 2589 4416 et
2639 4342 2931 4416 ordines
2982 4361 3213 4438 ange-

998 4597 1057 4663 (¹)
1086 4599 1150 4650 Ε.
1180 4610 1420 4664 reguum,
1451 4600 1650 4652 scilicet
1681 4601 1969 4654 beatorum.
2319 4601 2376 4666 (²)
2408 4609 2457 4663 ι,
2488 4604 2616 4654 dans
2646 4616 2701 4653 se
2732 4599 3085 4680 speculationi.
