3734 5567
898 479 1042 554 382
1683 487 2093 543 COMENTUM
2143 489 2475 542 PAnAmsl

892 635 1078 730 eiuS,
1129 639 1199 709 α’
1223 657 1321 709 un
1371 636 1581 707 modo
1633 635 1884 723 equali.
1939 632 2025 704 Et
2074 631 2317 705 subdit
2375 630 2553 704 alias
2615 630 2801 705 duas
2860 651 3247 727 compara-

895 753 1149 849 tioneS,
1204 773 1526 848 quarum
1580 773 1730 826 una
1779 771 1861 825 se
1913 752 2132 825 habet
2175 750 2429 825 ordine
2469 770 2828 825 converso
2863 752 2957 825 ad
2996 752 3240 846 aliam,

895 874 1177 949 dicens:
1230 895 1326 948 un
1376 894 1595 964 ayno,
1646 871 1921 946 animal
1972 871 2333 964 timidum,
2384 864 2445 943 si
2492 873 2556 943 si
2600 872 2940 965 starebbe,
2980 871 3239 946 eodem

892 995 1137 1090 modo,
1187 997 1381 1067 intra
1429 996 1563 1067 due
1610 993 1879 1083 brume,
1938 991 2142 1085 idest,
2196 992 2450 1086 fames»,
2500 993 2578 1063 di
2625 995 2786 1083 fieri
2841 995 3010 1085 lupi,
3065 1012 3242 1067 cum

893 1121 1144 1189 tamen
1195 1114 1411 1209 lupus
1461 1114 1551 1187 sit
1600 1112 1871 1186 animal
1923 1112 2132 1186 ferox
2182 1111 2560 1185 inimicum
2613 1112 2745 1207 ipsi
2795 1133 2990 1209 agno
3032 1133 3241 1187 man-

896 1241 1132 1327 sueto,
1166 1238 1580 1324 iqualmente
1630 1234 1969 1321 temendO,
2007 1230 2179 1326 quia
2231 1230 2498 1305 scilicet
2552 1251 2698 1304 non
2748 1232 2983 1328 magis
3035 1233 3242 1329 fuge-

896 1360 1012 1427 ret
1060 1353 1155 1426 ab
1206 1373 1357 1426 uno
1408 1353 1582 1447 lupo
1632 1372 1859 1445 quam
1924 1352 2019 1425 ab
2077 1350 2243 1444 alio,
2296 1357 2371 1425 et
2428 1350 2530 1425 sic
2587 1356 2815 1425 staret
2860 1352 3241 1446 aequaliter

897 1472 1194 1546 timidus
1245 1471 1318 1548 in
1372 1470 1611 1548 medio
1661 1471 2094 1544 amborum:
2141 1475 2216 1543 et
2248 1468 2577 1544 similiter
2615 1490 2709 1542 zm
2754 1490 2952 1563 cane,
2987 1472 3241 1546 avidus

895 1591 1184 1687 praedae,
1226 1584 1288 1665 si
1325 1596 1388 1668 si
1416 1591 1728 1665 starebbe
1774 1593 1972 1665 intra
2011 1592 2151 1664 duo
2182 1591 2413 1682 dame,
2453 1589 2837 1686 aequaliter
2870 1598 3237 1686 appetens,

896 1711 1094 1806 quod
1159 1731 1304 1785 non
1367 1711 1579 1786 citius
1642 1710 2022 1786 invaderet
2083 1729 2312 1783 unam
2378 1728 2603 1802 quam
2676 1708 3060 1803 reliquam.
3121 1712 3242 1786 Est

894 1831 1090 1904 enim
1128 1830 1346 1905 dama
1387 1830 1659 1906 animal
1710 1830 2131 1924 parvulum,
2167 1827 2528 1921 timidum,
2572 1828 2785 1924 agile,
2827 1834 2903 1904 et
2952 1837 3064 1905 est
3111 1852 3243 1928 gez

896 1972 1035 2025 nus
1085 1950 1423 2045 capreoli.
1479 1950 1650 2024 Vult
1701 1969 1884 2046 ergo
1931 1947 2181 2023 dicere
2229 1948 2426 2042 quod
2476 1948 2675 2023 cauis
2732 1955 2961 2024 staret
3010 1952 3242 2027 fame-2

894 2068 1077 2143 licus
1127 2069 1201 2142 in
1256 2068 1495 2144 medio
1545 2067 1869 2142 duorum
1921 2066 2341 2161 damorum,
2392 2068 2591 2161 quod
2634 2076 2987 2143 neutrum
3028 2070 3245 2146 attin,-

892 2194 1103 2284 geret
1141 2187 1200 2260 si
1235 2195 1555 2281 uterque
1590 2186 1748 2281 pari
1785 2186 2005 2262 modo
2041 2192 2395 2264 moveret.
2433 2187 2577 2262 Sed
2611 2187 2726 2262 hic
2762 2195 2957 2282 nota,
2994 2191 3240 2284 lector,

900 2310 1097 2404 quod
1134 2309 1388 2383 multae
1437 2310 1886 2404 scrupulosae
1937 2308 2369 2384 subtilitates
2404 2318 2572 2384 sunt
2606 2310 2680 2383 in
2716 2310 2853 2384 isto
2893 2311 3245 2405 capitulo;

903 2451 1076 2506 nam
1143 2429 1385 2525 primo
1437 2429 1647 2502 multi
1700 2429 2066 2503 mirantur
2115 2428 2209 2503 de
2270 2449 2362 2503 eo
2412 2430 2610 2524 quod
2670 2438 2888 2504 autor
2947 2430 3120 2505 dicit
3168 2431 3240 2507 in

843 2589 854 2598 =
895 2548 1134 2644 prima
1185 2547 1732 2641 comparatione
1766 2548 1858 2622 de
1900 2548 2130 2622 libero
2164 2547 2491 2642 arbitrio,
2535 2549 2708 2643 quia
2753 2570 2898 2623 non
2951 2550 3239 2625 videtur

895 2692 1184 2746 verum.
1239 2669 1380 2745 Sed
1430 2677 1635 2744 certe
1666 2668 2090 2744 Aristoteles
2123 2668 2414 2750 videtur
2456 2669 2594 2744 hoc
2635 2670 2880 2744 dicere
2921 2670 3243 2746 secundo

892 2790 1060 2868 coeli
1109 2797 1184 2865 et
1238 2789 1490 2865 mundi
1542 2789 1751 2883 quasi
1802 2789 1999 2863 circa
2052 2788 2274 2863 finem
2309 2789 2444 2863 ibi:
2480 2789 2810 2865 similiter
2859 2797 3111 2865 autem
3146 2790 3241 2866 ab

892 2909 1202 2984 exilibus
1254 2915 1327 2983 et
1386 2908 1823 3003 potabilibus
1892 2908 2274 3002 aequaliter
2336 2908 2650 2984 distante
2713 2910 2984 2985 etenim
3046 2911 3240 2984 huno

895 3028 1281 3122 quiescere
1331 3027 1827 3102 necessarium
1880 3034 1991 3101 est
2040 3033 2176 3101 etc.
2230 3028 2318 3101 Et
2367 3027 2666 3102 Ovidius
2720 3029 2968 3103 scribit
3000 3049 3081 3103 se
3113 3049 3240 3123 pa·-

897 3148 1072 3221 riter
1121 3167 1379 3221 amare
1436 3146 1620 3221 duas
1690 3167 1858 3242 quae
1918 3152 2129 3222 erant
2194 3148 2468 3243 pariter
2539 3149 2901 3243 formosae,
2970 3148 3241 3243 pariter

801 3367 814 3374 -
890 3266 1132 3360 cultae,
1185 3265 1457 3359 pariter
1507 3266 1640 3340 sibi
1689 3267 2080 3362 placenteS‚
2133 3267 2234 3341 ita
2288 3268 2486 3362 quod
2537 3267 2907 3344 nesciebat
2956 3288 3241 3362 praepo-

893 3406 1073 3461 nere
1129 3386 1438 3463 alteram
1497 3386 1727 3462 alteri.
1793 3386 1936 3462 Sed
2008 3392 2090 3461 ut
2157 3387 2491 3464 omittam
2562 3395 2873 3483 veteres,
2935 3388 3241 3463 Carolus

896 3511 1110 3580 vetus
1161 3504 1440 3599 primus
1490 3526 1619 3580 rex
1656 3506 1914 3582 Siciliae
1949 3513 2206 3602 captus
2242 3513 2352 3581 est
2385 3528 2644 3582 amore
2676 3508 2996 3582 duarum
3034 3507 3240 3602 puel„

896 3624 1139 3699 larum
1179 3625 1373 3720 apud
1408 3626 1807 3721 Neapolim,
1843 3647 2012 3720 quae
2050 3626 2212 3700 filiae
2245 3626 2607 3701 florentini
2649 3627 2864 3701 simul
2902 3634 2977 3704 et
3010 3626 3239 3704 semel

894 3744 1069 3821 visae
1129 3751 1342 3824 erant
1399 3746 1588 3821 inter
1653 3767 1736 3822 se
1791 3746 2177 3821 simillimae
2246 3746 2319 3819 in
2387 3746 2646 3839 forma,
2707 3754 2946 3840 aetate‚
3008 3748 3238 3840 cultu,

898 3865 1171 3960 babitu,
1224 3866 1325 3941 ita
1376 3866 1572 3961 quod
1623 3866 1993 3942 nesciebat
2057 3867 2300 3942 facere
2366 3867 2796 3942 electionem
2859 3868 2950 3941 de
3005 3867 3237 3947 altera

895 4005 1185 4078 earum,
1224 3986 1393 4080 quia
1448 3987 1837 4061 videbatur
1888 3986 2142 4061 videre
2191 4007 2416 4062 unam
2470 3986 2543 4059 in
2593 3987 2882 4061 duabus
2932 3992 3006 4062 et
3052 3986 3237 4065 duas

894 4104 968 4177 in
1020 4125 1215 4178 una:
1286 4105 1482 4180 unde
1543 4106 1836 4180 tandem
1907 4105 1981 4178 in
2053 4125 2320 4200 magna
2382 4106 2577 4181 lucta
2641 4105 2904 4180 mentis
2960 4106 3234 4186 delibo*

896 4228 1191 4298 raverat
1243 4245 1505 4319 rapere
1575 4231 2019 4318 utramque3
2071 4224 2197 4297 sed
2251 4225 2636 4321 magnifice
2702 4225 3121 4319 increpatus
3195 4246 3241 4299 a

892 4339 1224 4415 Guidone
1275 4342 1367 4416 de
1416 4343 1749 4417 Monsorti
1802 4342 2261 4416 laudabiliter
2316 4351 2599 4420 mutato
2658 4344 3027 4439 proposito
3081 4364 3242 4428 maa-

898 4459 1140 4535 ritavit
1172 4465 1248 4532 et
1285 4460 1562 4535 dotavit
1613 4469 2011 4554 utramque
2061 4463 2381 4559 egregie.
2420 4463 2561 4539 Sed
2614 4463 2959 4559 quicquid
3009 4463 3102 4537 sit
3148 4463 3243 4539 de

897 4578 1033 4653 ista
1082 4578 1631 4673 comparatione
1681 4601 1978 4674 possum
2031 4580 2299 4677 dicere,
2334 4583 2428 4657 ad
2475 4583 2894 4658 salvandam
2947 4602 3241 4679 semper
