3734 5567
915 483 1056 552 392
1696 492 2105 547 couEN'ruM
2153 493 2488 546 rmumsr

914 647 1289 738 asportent
1334 639 1658 733 aliquam
1691 630 1765 729 (¹)
1818 643 2071 711 contra
2125 658 2337 711 suam
2380 637 2859 732 voluntatem,
2895 639 3081 711 sicut
3120 657 3250 731 pa-

916 764 1052 836 tuit
1103 762 1175 835 in
1225 759 1600 852 Picharda‚
1653 759 1726 831 in
1778 778 1924 852 qua
1977 758 2111 831 fuit
2161 758 2502 832 violentia
2566 780 2771 853 pura.
2833 759 3249 854 Ignorantia

912 880 1338 956 invincibilis
1389 886 1500 954 est
1547 879 1760 954 cuius
1810 879 2035 952 homo
2070 898 2217 951 non
2258 877 2477 951 habet
2510 876 2941 972 principium
2993 879 3248 950 volun-

915 1002 1210 1094 tarium,
1271 999 1364 1072 ad
1427 1018 1653 1092 quam
1704 997 2041 1090 sequitur
2090 995 2376 1070 tristitia
2439 1002 2513 1070 et
2572 996 2986 1090 poenitudo:
3048 995 3239 1070 unde

913 1141 1222 1217 peccans
1274 1140 1404 1214 per
1451 1117 1881 1192 ebrietatem
1919 1137 2067 1190 non
2102 1123 2521 1210 excusatur,
2559 1117 2706 1190 imo
2747 1124 3074 1191 meretur
3108 1115 3243 1188 du-

916 1241 1174 1336 plicem
1228 1258 1547 1332 poenam,
1600 1243 1687 1309 ut
1733 1237 1904 1310 dicit
1956 1236 2459 1331 philosophus:
2514 1236 2842 1310 similiter
2883 1256 3054 1309 cum
3092 1235 3247 1329 quis

918 1361 1205 1457 ignorat
1254 1358 1429 1432 illud
1480 1357 1677 1451 quod
1728 1357 1944 1430 debet
1996 1356 2239 1430 facere
2280 1357 2398 1429 vel
2436 1354 2668 1429 vitare
2703 1376 2833 1450 per
2876 1354 3248 1450 negligen-

917 1482 1092 1556 tiam
1145 1499 1290 1553 non
1341 1484 1762 1552 excusatur.
1819 1476 2001 1551 Dicit
2050 1495 2231 1572 ergo
2284 1476 2615 1550 Beatrix:
2669 1481 2758 1549 Se
2815 1478 3132 1549 violenza
3178 1470 3241 1566 ἐ,

912 1603 996 1694 si,
1047 1620 1181 1696 pro
1234 1599 1428 1693 quia,
1480 1597 1655 1692 quia
1705 1598 1806 1671 sic
1867 1603 1999 1689 est,
2054 1599 2336 1687 quando
2400 1600 2559 1688 quel
2619 1598 2741 1669 che
2791 1603 2978 1687 pale,
3050 1595 3245 1687 idest,

915 1721 1271 1796 substinet
1331 1718 1774 1811 violentiam,
1826 1720 2048 1790 niente
2097 1719 2473 1810 conseri-sce
2522 1737 2569 1788 a
2619 1718 2778 1807 quel
2823 1719 2942 1787 che
2987 1719 3248 1807 sforza,

914 1842 1117 1934 idest,
1154 1839 1301 1913 vim
1336 1838 1583 1933 agenti
1614 1828 1713 1930 (²),
1750 1844 1979 1928 queste
2012 1839 2220 1929 alme,
2266 1835 2536 1910 scilicet
2569 1834 2919 1909 Picharda
2955 1841 3029 1907 et
3061 1833 3248 1907 Con-

914 1959 1199 2051 stantia,
1250 1979 1395 2029 non
1437 1961 1563 2049 sur
1613 1962 1917 2028 escusate
1959 1976 2093 2047 per
2142 1977 2325 2046 essa,
2377 1955 2644 2029 scilicet
2698 1953 3252 2027 violentiam.—

922 2074 1074 2153 ΟΙιέ.
1116 2079 1246 2151 Hic
1286 2077 1581 2150 Beatrix
1614 2075 1703 2149 ad
1741 2074 2373 2149 confirmationem
2417 2073 2583 2147 dicti
2618 2073 2731 2146 sui
2766 2072 3025 2167 probat
3060 2070 3251 2164 quod

919 2200 1253 2273 voluntas
1304 2197 1393 2269 sit
1443 2215 1735 2289 semper
1785 2194 2014 2268 libera
2064 2214 2196 2289 per
2249 2194 2583 2268 naturale
2635 2193 3082 2286 exemplum,
3142 2190 3250 2269 di-.

916 2337 1125 2391 cens:
1187 2311 1322 2387 Glze‘
1369 2304 1675 2405 volontd,
1740 2335 1815 2386 se
1869 2334 2016 2386 non
2082 2317 2269 2403 vuol,
2335 2333 2479 2385 non
2542 2315 2598 2384 s'
2625 2331 3023 2401 ammorza,
3082 2329 3247 2384 nam

920 2436 1255 2508 voluntas
1330 2453 1466 2507 nec
1528 2432 1685 2505 dari
1761 2439 1996 2527 potest
2073 2432 2318 2526 invito,
2396 2452 2532 2505 nec
2606 2430 2921 2522 auferri3
2988 2450 3107 2502 ma
3170 2431 3252 2521 sa

916 2575 1107 2628 come
1153 2560 1415 2626 natura
1457 2555 1617 2644 sace
1663 2554 1736 2624 in
1781 2555 1970 2645 son,
2023 2551 2151 2644 qui
2204 2551 2635 2625 naturaliter
2687 2570 2978 2644 semper
3030 2547 3251 2622 tendit

916 2694 1214 2747 sursum
1285 2672 1567 2747 ratione
1627 2692 1781 2746 suoe
1848 2672 2182 2764 levitam,
2232 2693 2307 2744 se
2368 2674 2549 2744 mille
2598 2674 2774 2744 volte
2832 2673 3152 2744 violenza
3202 2671 3256 2740 il

916 2804 1150 2884 torza,
1201 2794 1389 2868 sicut
1446 2793 1508 2866 si
1560 2792 1899 2867 violentia
1960 2793 2157 2866 venti
2217 2791 2550 2866 deflectat
2612 2792 2847 2886 ipsum
2903 2812 3098 2865 nunc
3159 2789 3250 2865 ad

911 2917 1100 2990 hanc
1149 2922 1435 3010 partem
1501 2935 1698 2988 nunc
1757 2915 1849 2987 ad
1903 2914 2141 3006 illam3
2196 2920 2270 2987 et
2329 2920 2440 2987 est
2499 2914 2772 3007 optima
2836 2911 3247 3003 similitudo,

910 3037 1083 3128 quia
1135 3054 1345 3108 mens
1394 3036 1718 3107 humana
1771 3034 2201 3107 naturaliter
2261 3033 2489 3107 tendit
2550 3034 2644 3107 ad
2702 3035 2975 3108 coelum
3045 3053 3251 3107 more

910 3152 1138 3247 ignis3
1194 3151 1389 3224 unde
1453 3150 1832 3247 Virgilius:
1895 3156 2150 3241 Igneus
2212 3159 2314 3224 es!
2369 3155 2506 3224 illis
2571 3156 2775 3242 viyor
2838 3159 2904 3225 et
2967 3154 3250 3225 coelestis

911 3275 1161 3362 ori905
1222 3270 1384 3344 ideo
1453 3270 1730 3343 subdit:
1785 3267 2044 3363 perche*
2101 3275 2157 3342 ε’
2184 3273 2347 3360 ella,
2408 3271 2697 3364 scilicet,
2766 3272 3127 3364 voluntas,
3193 3273 3256 3342 si

904 3393 1113 3483 pieya
1165 3393 1358 3462 assai
1405 3410 1449 3461 o
1487 3410 1699 3481 poce,
1737 3410 1866 3483 per
1921 3390 2067 3465 vim
2121 3392 2237 3464 vel
2291 3397 2490 3464 metu
2504 3412 2597 3483 m,
2638 3412 2843 3482 seque
2889 3396 2963 3465 la
3006 3396 3249 3484 sorza,

913 3509 1453 3602 consentiendo,
1505 3533 1542 3582 e
1588 3502 1730 3582 cosi
1779 3517 2033 3601 queste,
2102 3511 2393 3604 scilicet,
2447 3509 2783 3604 dominae,
2846 3515 3033 3603 sere,
3095 3516 3250 3604 post

912 3629 1527 3721 violentationem,
1586 3632 1939 3721 possendo
2002 3632 2311 3724 risuyyir
2367 3632 2485 3702 nel
2546 3637 2750 3703 santo
2809 3634 2988 3723 loce,
3051 3631 3145 3705 ad
3175 3620 3247 3721 (³)

915 3748 1440 3823 monasterium
1497 3748 1622 3822 ubi
1674 3756 2031 3823 voverant
2082 3757 2411 3824 sanctam
2473 3750 3252 3824 continentiam—Se

904 3875 1111 3962 fosse.
1163 3869 1373 3941 Nunc
1425 3869 1685 3963 probat
1737 3888 1868 3963 per
1919 3870 2344 3964 exemplum
2401 3870 2835 3962 humanum,
2872 3870 3067 3963 quod
3120 3888 3251 3942 vo-

909 3991 1151 4062 luntas
1192 3995 1301 4063 est
1335 3988 1785 4077 inviolabiliS,
1830 3989 2090 4081 primo,
2130 3989 2469 4083 exemplo
2504 3989 2893 4079 christiani,
2929 3988 3250 4063 secundo

907 4107 1192 4202 pagani.
1244 4105 1352 4179 Ad
1402 4107 1602 4200 quod
1643 4106 2047 4199 sciendum,
2086 4108 2285 4199 quod
2319 4108 2757 4182 Laurentius
2792 4107 2927 4184 fuit
2963 4108 3251 4183 natione

903 4223 1246 4317 hispanus
1320 4231 1654 4319 tempore
1728 4225 1926 4299 Decii
1991 4224 2369 4298 saevissimi
2427 4225 2913 4321 imperatoriS‚
2981 4226 3108 4320 qui
3171 4232 3253 4299 ut

909 4349 1164 4415 notum
1218 4349 1327 4417 est
1377 4344 1718 4417 omnibus
1786 4351 1946 4438 post
2006 4346 2237 4419 multa
2298 4366 2575 4441 genera
2634 4347 3040 4421 crudelium
3097 4354 3252 4421 tor-

1031 4527 1088 4591 (¹)
1118 4528 1170 4578 S.
1203 4527 1372 4590 aliqua
1407 4534 1603 4579 contra.
1622 4556 1684 4567 —
1704 4529 1764 4579 E.
1799 4529 2024 4593 aliquem
2055 4537 2254 4583 eontra.
2366 4593 2370 4597 Α

1031 4604 1086 4667 (¹)
1120 4605 1181 4655 E.
1216 4605 1386 4668 agenti
1418 4618 1522 4655 non
1554 4605 1774 4667 confert,
1802 4613 1983 4671 queste.
2374 4609 2429 4672 (⁸)
2460 4610 2524 4661 E.
2556 4609 2755 4662 scilicet
2786 4609 2867 4659 ad.
