3734 5567
1182 464 1459 521 CANTUS
1509 465 1891 522 leESIMUs
1941 463 2292 529 QUARTUS.
2816 456 2910 522 87

713 610 871 699 Poi,
902 612 1306 699 rallaryati.
1345 609 1608 697 Quinta
1661 613 1734 682 et
1788 607 2047 681 ultima
2087 607 2443 702 particula
2480 610 2801 705 capituli,
2840 611 2916 685 in

565 748 714 821 qua
765 733 979 822 poeta
1031 733 1278 802 noster
1326 726 1639 800 ostendit
1690 728 2005 820 qualiter
2055 734 2416 824 purgatus
2466 729 2686 803 fuerit
2739 731 2914 805 vitio

560 849 757 944 gulae
806 848 902 922 ab
951 848 1235 944 angelo.
1273 847 1361 918 Et
1393 838 1632 941 primo
1673 847 2017 922 describit
2057 869 2326 922 novam
2367 848 2912 945 dispositionem

562 967 888 1063 ipsorum
945 967 1194 1059 trium,
1248 964 1543 1060 scilicet,
1597 987 1945 1063 magnam
2002 973 2075 1041 et
2135 969 2433 1063 longam
2499 969 2913 1045 meditatio-

562 1108 758 1162 nem.
797 1085 997 1159 Unde
1053 1085 1262 1158 dicit:
1315 1090 1466 1158 Ben
1499 1089 1681 1159 mille
1709 1090 1908 1179 passi
1938 1109 1975 1160 e
2001 1082 2125 1180 pii)
2175 1091 2240 1160 ci
2279 1096 2682 1180 portammo
2737 1092 2917 1162 oltre

403 1214 422 1223 ’
552 1209 703 1299 Ρῡῑ,
757 1204 964 1297 quasi
1014 1203 1242 1277 dicat:
1298 1205 1567 1279 ivimus
1618 1207 2010 1301 plusquam
2066 1228 2298 1281 unum
2353 1209 2664 1282 milliare
2714 1216 2914 1304 post-

561 1344 791 1419 quam
840 1323 1258 1398 audivimus
1307 1323 1465 1399 illas
1506 1346 1750 1422 voceS‚
1794 1329 2201 1419 rallaryati,
2246 1329 2419 1422 quia
2456 1328 2582 1402 ubi
2617 1328 2914 1401 ibamus

560 1445 800 1540 primo
851 1443 1080 1517 stricti
1130 1443 1223 1517 ad
1274 1444 1510 1539 ripam
1561 1446 1786 1520 altam
1839 1448 2130 1541 montis,
2175 1448 2576 1522 redivimus
2610 1448 2702 1521 ad
2751 1468 2916 1522 me-

561 1562 756 1636 diam
810 1563 1006 1636 viam
1057 1561 1501 1637 dimittentes
1551 1564 1900 1639 arborem
1952 1572 2114 1661 post
2167 1572 2376 1661 terga
2427 1572 2726 1661 nostra3
2782 1586 2915 1640 nos

561 1680 746 1775 dico,
809 1685 1339 1774 contemplando
1408 1686 1685 1758 ciascun
1744 1706 1964 1757 senza
2019 1689 2307 1778 parola.
2379 1687 2466 1759 Et
2532 1687 2650 1759 hic
2715 1693 2915 1781 nota,

562 1804 812 1898 lector,
867 1802 1064 1896 quod
1113 1809 1334 1876 autor
1385 1823 1532 1876 non
1585 1804 1741 1877 sine
1792 1824 2018 1880 causa
2070 1812 2143 1880 et
2193 1806 2350 1881 sine
2383 1826 2656 1903 magno
2692 1805 2913 1878 mini-

562 1922 786 1996 sterio
838 1921 1040 2018 fingit
1082 1923 1278 2015 quod
1314 1922 1582 1997 iverint
1617 1929 1906 1997 tantum
1941 1923 2288 1998 abstracti
2323 1925 2479 1999 sine
2512 1925 2904 2020 locutione,

563 2061 738 2114 cum
792 2047 1033 2116 essent
1084 2048 1234 2116 tres
1284 2043 1861 2137 eloquentissimi
1911 2054 2169 2139 poetae,
2213 2044 2346 2117 nisi
2383 2045 2580 2138 quod
2622 2065 2910 2140 praepa-

566 2160 828 2234 rabant
876 2161 1169 2257 ingenia
1220 2163 1311 2236 ad
1372 2163 1763 2237 materiam
1823 2164 2196 2257 sequentis
2259 2164 2551 2260 capituli
2609 2165 2912 2241 investi-

564 2279 909 2375 gandam,
980 2300 1148 2373 quae
1213 2281 1776 2375 profundissima
1853 2290 1987 2379 est,
2062 2284 2162 2358 ita
2240 2284 2437 2378 quod
2511 2285 2602 2358 ad
2680 2285 2911 2379 ipsam

566 2399 1073 2475 elucidandam
1139 2400 1668 2476 laboraverunt
1729 2403 1948 2476 simul
2015 2409 2185 2498 tres,
2250 2404 2518 2479 scilicet
2569 2404 2915 2509 Virgilius

567 2519 943 2613 naturali5‚
981 2520 1251 2594 Statius
1302 2522 1622 2616 moraliS‚
1666 2529 1741 2596 et
1774 2523 2046 2598 Dantes
2095 2523 2422 2597 divinus:
2458 2544 2627 2597 nam
2673 2544 2909 2618 pauca

572 2638 888 2733 capitula
935 2639 1262 2716 invenies
1312 2641 1384 2713 in
1440 2646 1591 2716 toto
1641 2648 1984 2737 poemate
2025 2662 2193 2736 quae
2226 2642 2543 2717 habeant
2576 2643 2739 2737 plus
2773 2644 2910 2717 dif-

564 2755 927 2832 ficultatis.
980 2760 1068 2832 Et
1114 2759 1360 2833 subdit
1410 2781 1675 2835 novam
1731 2781 1993 2836 vocem
2052 2761 2377 2835 auditam
2438 2780 2662 2853 super
2713 2781 2905 2835 nova

563 2877 1143 2953 consideratione
1193 2899 1480 2974 eorum,
1514 2880 1802 2955 dicens:
1842 2882 2067 2953 subita
2109 2899 2296 2971 voce,
2338 2898 2504 2971 quae
2549 2899 2692 2953 non
2737 2900 2910 2974 pro-

565 2997 871 3073 cedebat
903 2998 999 3072 ab
1031 2998 1302 3074 arbore
1328 3000 1517 3073 sicut
1541 2998 2060 3093 praecedenteS‚
2087 2997 2214 3071 sed
2247 2999 2342 3071 ab
2379 2999 2666 3094 angelo,
2694 3002 2913 3073 disse.-

563 3119 683 3190 che
729 3120 989 3192 audace
1031 3121 1399 3210 pensando
1447 3110 1508 3190 si
1558 3121 1674 3191 υοι·
1705 3125 1811 3191 tre
1842 3120 2036 3190 soli?
2071 3117 2277 3210 quasi
2307 3110 2382 3209 (¹)
2419 3118 2636 3193 tacite
2679 3120 2908 3215 tangit

564 3258 852 3331 eorum,
889 3237 1091 3312 velut
1142 3236 1200 3311 si
1250 3236 1563 3311 diceret:
1603 3235 1737 3311 ista
1773 3236 2084 3311 materia
2120 3257 2267 3311 non
2303 3237 2438 3311 fuit
2480 3239 2693 3332 plene
2734 3246 2906 3314 nota

561 3356 1003 3452 philosophis
1055 3362 1129 3430 et
1178 3355 1454 3450 poetis;
1509 3354 1672 3429 ideo
1723 3355 1930 3429 dicit:
1984 3357 2148 3429 ond’
2173 3358 2245 3428 io
2284 3359 2382 3428 mi
2427 3360 2665 3448 scossi,
2702 3357 2911 3453 idest,

569 3482 815 3550 motus
865 3480 941 3549 et
991 3474 1332 3549 turbatus
1384 3494 1574 3568 sum,
1618 3480 1779 3547 tum
1834 3474 2007 3567 quia
2058 3494 2207 3549 vox
2258 3474 2395 3547 fuit
2444 3476 2704 3570 subita,
2749 3481 2908 3550 tum

570 3596 744 3690 quia
796 3615 943 3669 non
992 3594 1146 3669 visa
1198 3601 1309 3668 est
1358 3595 1708 3688 humana,
1742 3615 1788 3668 a
1823 3593 2061 3688 simili,
2098 3614 2290 3667 come
2324 3599 2456 3688 fan
2490 3595 2692 3669 bestie
2738 3617 2910 3689 spa-

563 3720 833 3788 ventate
880 3736 919 3787 e
956 3717 1215 3807 polire,
1266 3713 1469 3806 idest,
1521 3713 1764 3807 pullae,
1816 3713 2028 3807 quasi
2079 3712 2308 3787 dicat:
2363 3733 2567 3788 eram
2613 3716 2911 3809 juvenis

567 3841 642 3910 et
693 3855 952 3929 novuS‚
990 3834 1119 3908 ubi
1160 3832 1334 3907 socii
1385 3832 1532 3907 mei
1585 3837 1796 3908 erant
1845 3833 2128 3926 antiqui
2179 3840 2255 3908 et
2308 3833 2538 3929 magis
2589 3835 2907 3929 experti:

565 3954 730 4030 ideo
780 3952 1232 4048 comparatio
1284 3958 1394 4027 est
1456 3952 1628 4027 satis
1694 3952 1988 4047 propria
2049 3952 2142 4025 de
2204 3972 2284 4026 se
2333 3951 2426 4026 ad
2476 3953 2783 4048 pullum.
2816 3992 2914 4006 —

569 4077 893 4147 Drizzai.
947 4074 1075 4147 Hic
1123 4079 1340 4168 poeta
1391 4072 1733 4146 describit
1781 4071 2022 4167 ipsum
2083 4073 2431 4168 angelum
2485 4072 2910 4166 loquentem

571 4201 647 4270 et
692 4195 1127 4292 dirigentem
1179 4215 1346 4288 eos;
1391 4194 1586 4267 unde
1634 4192 1844 4267 dicit:
1884 4195 2189 4266 Drizzai
2219 4196 2291 4266 la
2326 4199 2523 4285 tesca,
2557 4192 2763 4288 idest,
2805 4192 2917 4267 vi-

572 4338 736 4391 sum
805 4315 1395 4407 intellectualem,
1449 4336 1585 4407 per
1647 4316 1857 4386 veder
1917 4315 2025 4386 chi
2077 4318 2280 4409 sossi,
2341 4315 2633 4409 scilicet,
2694 4320 2913 4388 autor

700 4578 753 4641 (¹)
787 4582 896 4639 117,
928 4577 1073 4640 quasi
1104 4575 1259 4627 tacite
1290 4575 1453 4639 tangit
1482 4587 1666 4626 σοι-
1684 4574 1746 4626 Β.
1778 4574 1919 4640 quod
1952 4575 2105 4626 tacite
2136 4577 2300 4642 tangit
2330 4589 2435 4627 eos.
