3734 5567
823 503 867 565 2
877 504 909 567 1
921 503 965 567 2
1549 513 1958 568 COMENTUM
2006 514 2200 569 PURG
2206 515 2447 569 ATORII

824 678 1233 753 numquam
1297 657 1471 732 visae
1536 657 1776 732 subito
1842 659 1941 733 ita
2005 665 2396 754 caperetur
2455 666 2531 736 et
2579 661 2975 758 ligaretur:
3030 663 3164 738 ista

824 799 1004 875 ergo
1040 777 1341 853 scintilla
1376 777 1652 851 amoris
1695 798 1893 852 nunc
1928 778 2326 854 commovit
2362 786 2686 856 mentem
2731 783 2912 878 eius,
2949 804 3166 857 senza

819 919 995 970 aver
1036 892 1162 990 pit}
1210 900 1712 989 coquoscenzia
1762 899 1948 989 deyli
1995 901 2211 990 occlzi,
2254 898 2457 994 idest,
2494 902 2834 994 quamvis
2876 924 3021 977 non
3054 902 3166 976 vi·-

818 1018 1074 1092 derem
1111 1016 1339 1112 ipsam
1377 1017 1691 1092 ulterius
1741 1016 1816 1091 in
1869 1017 2021 1091 suis
2055 1017 2286 1092 oculis
2321 1019 2769 1094 radiantibus
2803 1022 2942 1095 sub
2974 1022 3160 1116 velo,

819 1137 919 1211 ita
972 1136 1169 1232 quod
1223 1137 1650 1212 recordatus
1691 1157 1859 1210 sum
1897 1137 2289 1211 oculorum
2324 1138 2621 1213 illorum
2657 1161 3045 1237 vagorum.
3067 1181 3165 1196 —-

829 1263 1055 1330 Tosto.
1109 1257 1238 1331 Hic
1288 1263 1502 1352 poeta
1552 1256 1864 1332 ostendit
1909 1257 2225 1350 qualiter
2258 1259 2536 1353 positus
2569 1260 2643 1334 in
2679 1282 2949 1358 magna
2982 1283 3162 1358 ago-

820 1377 940 1452 nia
967 1377 1283 1451 recurrit
1310 1377 1403 1451 ad
1419 1376 1826 1474 Virgilium,
1854 1378 2046 1452 sicut
2069 1398 2361 1474 semper
2387 1380 2665 1455 solebat
2685 1375 2761 1473 (¹)
2788 1381 2862 1453 in
2888 1382 3160 1476 arduiS,

815 1520 951 1595 per
1001 1499 1622 1594 comparationem
1676 1497 1888 1572 valde
1937 1498 2255 1593 claram3
2320 1500 2514 1575 unde
2579 1521 2715 1596 pro
2778 1501 3162 1577 continua-

820 1619 1018 1694 tione
1068 1624 1404 1713 repetens
1444 1617 1642 1713 quod
1680 1617 1990 1711 dixerat,
2042 1618 2256 1693 dicit:
2321 1625 2525 1694 Tosto
2558 1623 2677 1693 che
2716 1623 2918 1695 l’alta
2950 1617 3161 1712 virli),

819 1740 1022 1834 idest,
1075 1760 1300 1834 quam
1353 1738 1495 1814 cito
1546 1738 1865 1834 potentia
1899 1739 2196 1832 amoriS,
2240 1759 2467 1834 quam
2510 1741 2670 1835 jam
2714 1742 3002 1817 vocavit
3034 1761 3160 1816 oc-

819 1861 1117 1956 cultam,
1153 1863 1272 1934 che
1317 1849 1440 1952 yid
1488 1863 1578 1932 m’
1604 1881 1785 1932 avea
1845 1862 2130 1952 trafittO,
2178 1859 2383 1954 idest,
2445 1881 2614 1955 quae
2671 1861 2848 1935 olim
2905 1863 3162 1936 vulne—

818 1987 1117 2056 raverat
1149 2000 1273 2054 me
1306 1978 1456 2052 suis
1507 1979 1666 2053 telis
1716 1980 1989 2073 aureiS,
2024 1982 2264 2072 prima
2296 1982 2399 2053 αι’
2424 1983 2494 2053 io
2530 1983 2703 2074 litor
2736 1983 2813 2054 di
2839 1983 3162 2073 puerizia

813 2106 1026 2195 fosse,
1084 2099 1292 2193 quasi
1342 2099 1557 2193 dicat,
1606 2098 1786 2172 dum
1851 2119 2090 2174 essem
2141 2099 2382 2174 adbuc
2431 2121 2642 2196 puer,
2699 2103 2799 2175 mi
2837 2122 3164 2194 pernosse

817 2222 1002 2292 nella
1054 2221 1256 2310 vista,
1306 2218 1511 2312 idest,
1563 2218 1637 2291 in
1687 2220 1942 2293 oculos
1969 2211 2071 2312 (²),
2108 2219 2181 2292 in
2225 2219 2494 2313 quibus
2527 2220 2773 2314 incipit
2809 2221 2917 2295 vis
2951 2239 3156 2294 amo-

820 2339 942 2432 riS,
996 2343 1174 2411 tunc
1223 2337 1490 2433 statim,
1544 2341 1815 2412 volsimi
1857 2341 2006 2411 alla
2048 2342 2364 2430 sinislra,
2401 2339 2523 2414 ubi
2569 2340 2961 2415 credebam
2997 2339 3158 2412 Vir-

818 2457 1076 2554 gilium
1128 2478 1309 2553 esse,
1361 2461 1473 2531 col
1515 2461 1813 2551 rispitm,
1866 2459 2069 2553 idest,
2117 2465 2477 2554 respectu,
2530 2463 2643 2532 col
2687 2462 2857 2553 qual
2900 2463 2955 2533 il
2995 2463 3160 2553 san-

821 2582 989 2653 tolin
1050 2600 1257 2652 corre
1319 2582 1465 2652 alla
1526 2600 1862 2670 mamma,
1927 2579 2132 2674 idest,
2195 2585 2513 2654 matrem
2577 2580 2696 2654 vel
2759 2579 3159 2672 nutricem3

820 2701 1103 2790 quando
1151 2700 1245 2771 ha
1287 2720 1552 2790 paura,
1604 2720 1649 2771 o
1699 2701 1984 2791 quando
2042 2702 2179 2790 eyli
2244 2696 2286 2772 e*
2338 2701 2602 2793 afflin,
2666 2699 2957 2792 scilicet,
3019 2698 3159 2773 alia

817 2818 1175 2913 passione,
1227 2818 1415 2893 sicut
1463 2839 1722 2894 amore
1770 2818 2081 2893 alicuius
2142 2817 2273 2912 rei,
2319 2839 2452 2911 per
2502 2821 2693 2892 dicer
2735 2839 2786 2889 a
2835 2821 3159 2908 Virqilio:

819 2961 976 3015 men
1003 2942 1122 3013 che
1145 2941 1503 3032 dramma,
1526 2939 1736 3035 quasi
1762 2939 1978 3033 dicat,
1999 2938 2388 3012 minimum
2408 2961 2427 3032 3
2448 2944 2558 3012 est
2581 2937 2778 3012 enim
2805 2936 3152 3010 drachma

816 3059 1124 3154 parvula
1175 3080 1344 3153 pars
1404 3059 1762 3153 ponderiS,
1817 3079 1968 3152 quo
2036 3058 2395 3133 vocabulo
2457 3059 2773 3131 multum
2845 3062 3157 3130 utuntur

819 3178 1104 3271 medici,
1152 3179 1230 3250 di
1274 3199 1540 3268 sanyue
1588 3181 1680 3250 m’
1706 3174 1749 3251 e*
1792 3180 2093 3268 rimasa,
2135 3181 2254 3252 che
2290 3200 2438 3253 non
2470 3181 2698 3273 trena,
2739 3177 2911 3272 quia
2945 3196 3159 3251 amor

816 3298 1092 3374 inducit
1142 3297 1507 3389 timorem,
1545 3302 1618 3371 et
1670 3295 1888 3370 timor
1924 3303 2370 3392 tremorem3
2407 3298 2603 3372 unde
2637 3297 2829 3392 dicit,
2864 3316 3159 3369 conos-co

815 3424 842 3493 i
888 3422 1085 3510 sequi
1142 3419 1297 3490 del?
1324 3419 1556 3490 antica
1613 3419 1933 3508 fiamma,
1985 3418 2276 3513 scilicet,
2337 3417 2650 3493 amoris:
2705 3419 2845 3492 hoc
2905 3421 3156 3492 autem

816 3539 989 3614 dicit
1039 3535 1375 3634 Virgilius
1423 3537 1517 3611 de
1566 3535 1865 3631 Didone,
1900 3537 2108 3632 quasi
2158 3537 2350 3612 dicat
2399 3537 2618 3612 tacite
2666 3537 2958 3631 DanteS,
3013 3556 3157 3610 non

818 3660 917 3733 ita
967 3657 1150 3732 Dido
1199 3655 1376 3730 arsit
1424 3676 1682 3730 amore
1731 3656 1974 3729 subito
2026 3656 2182 3731 viso
2223 3658 2441 3731 Enea.
2471 3697 2569 3710 —
2596 3661 2741 3730 Ma.
2779 3655 2909 3729 Hic
2943 3660 3157 3750 poeta

816 3777 1130 3854 ostendit
1178 3798 1397 3851 suum
1434 3775 1803 3871 refugium
1838 3775 2063 3850 fuisse
2097 3797 2398 3871 vanum,
2437 3775 2610 3870 quia
2651 3774 2990 3872 Virgilius
3035 3793 3156 3847 re-

816 3905 1156 3994 cesserat,
1206 3899 1300 3973 de
1350 3919 1500 3993 quo
1551 3898 1869 3970 multum
1935 3896 2418 3990 conqueritur
2476 3902 2551 3971 et
2611 3896 2826 3970 dolet.
2890 3895 2978 3967 Et
3039 3893 3155 3967 bic

814 4022 1119 4098 adverte
1151 4019 1349 4114 quod
1388 4019 1600 4093 multi
1635 4019 2002 4093 mirantur
2034 4018 2127 4091 de
2162 4037 2252 4091 eo
2285 4015 2484 4111 quod
2523 4017 2790 4092 Dantes
2824 4016 2923 4090 ita
2957 4014 3156 4089 nude

819 4143 1048 4238 tangit
1098 4161 1475 4215 recessum
1524 4139 1801 4236 Virgilii
1851 4160 1897 4211 a
1950 4158 2028 4212 se
2079 4137 2279 4232 quod
2331 4158 2476 4210 non
2510 4135 2911 4233 perpendit,
2956 4133 3151 4229 quod

819 4283 965 4336 non
1014 4261 1192 4334 dixit
1242 4261 1428 4354 vale,
1480 4260 1631 4333 imo
1682 4279 1819 4333 nec
1882 4256 2048 4331 fecit
2109 4258 2464 4352 verbum3
2516 4256 2643 4332 sed
2692 4261 2896 4331 certe
2944 4260 3156 4349 poeta

819 4386 1067 4456 noster
1116 4381 1255 4453 hoc
1306 4400 1450 4452 non
1512 4379 1718 4474 fingit
1777 4378 1935 4451 sine
2002 4377 2400 4451 ministerio
2460 4397 2771 4474 magno:
2825 4397 2958 4471 per
3017 4376 3156 4449 hoc

945 4642 999 4705 (¹)
1030 4642 1093 4693 E.
1125 4641 1274 4694 nolet.
1773 4639 1829 4706 (¹)
1858 4641 1922 4692 E.
1954 4641 2010 4691 ln
2040 4641 2220 4693 oculis.
