3734 5567
983 482 1125 548 418
1760 490 2166 547 coMENTuM
2218 491 2550 545 mmmm

981 638 1191 713 sedes
1231 637 1426 713 enim
1478 636 1766 730 imperii
1800 635 1937 709 fuit
1970 636 2094 710 diu
2130 637 2385 709 Romae
2419 636 2616 708 ultra
2658 639 3048 710 tercentos
3092 653 3349 727 annos,

979 757 1175 853 apud
1241 776 1524 853 graecos
1591 755 1729 829 fuit
1795 754 2089 849 diutius
2157 755 2427 829 scilicet
2494 755 2688 828 ultra
2750 754 3351 851 quadringentos

983 898 1253 971 annos3
1288 876 1482 972 apud
1516 876 1745 972 gallos
1780 896 2069 971 parum,
2105 875 2375 950 scilicet
2415 877 2606 950 ultra
2641 879 2955 949 centum
2993 867 3124 966 (¹);
3162 871 3351 968 apud

979 998 1409 1071 alamannos
1473 976 1813 1089 multum,
1877 996 2050 1090 quia
2100 995 2295 1068 ultra
2363 1000 2729 1069 tercentos
2791 1014 3048 1068 annos
3117 1012 3353 1085 usque

980 1116 1196 1190 hodie
1248 1122 1529 1212 regnat,
1583 1119 1809 1188 vicino
1858 1119 1935 1189 ai
1981 1120 2220 1208 monti,
2277 1114 2570 1209 scilicet,
2623 1114 2998 1210 Phrygiae,
3039 1115 3158 1187 de'
3195 1116 3355 1204 quai

972 1239 1218 1328 prima
1262 1228 1475 1328 usm'O,
1529 1236 1822 1328 quando
1873 1243 2161 1332 portata
2209 1236 2343 1309 fuit
2376 1235 2470 1309 ab
2503 1236 2702 1310 Enea
2736 1257 2780 1309 a
2822 1235 3063 1309 Troia
3100 1236 3181 1307 in
3216 1235 3354 1307 lta-

869 1443 876 1451 ,
982 1355 1179 1448 liam,
1233 1355 1571 1449 quamvis
1622 1356 1860 1451 primo
1913 1355 2132 1429 fuerit
2182 1355 2257 1429 in
2306 1355 2522 1429 Creta
2580 1354 2774 1450 apud
2825 1355 3137 1449 lovem,
3194 1353 3352 1427 ideo

981 1480 1223 1570 posset
1274 1475 1493 1549 etiam
1548 1476 1847 1572 intelligi
1904 1476 1996 1550 de
2063 1475 2432 1550 montibus
2490 1476 2748 1549 Cretae.
2813 1475 2902 1548 Et
2974 1477 3133 1549 hoc
3195 1474 3351 1548 dico

978 1595 1151 1669 fuit:
1195 1600 1444 1689 poscia
1490 1599 1610 1669 che
1667 1599 2071 1670 Constantia
2120 1599 2164 1669 Γ
2191 1599 2430 1687 aquila
2467 1599 2674 1689 volse,
2717 1596 2920 1690 idest,
2965 1593 3352 1670 transtulit

980 1715 1369 1811 imperium
1421 1717 1494 1790 in
1546 1716 1927 1791 Graeciam.
1965 1717 2070 1791 De
2117 1716 2560 1791 Constantini
2598 1716 2996 1790 virtutibus
3055 1723 3137 1790 et
3190 1716 3348 1789 lau-

976 1833 1189 1909 dibus
1223 1835 1507 1911 dicetur
1547 1836 1735 1910 infra
1771 1837 1843 1909 in
1868 1836 2010 1910 alio
2039 1836 2355 1930 capitulo
2390 1835 2609 1908 huius
2656 1835 2855 1909 libri:
2884 1841 2959 1910 et
2991 1836 3184 1909 dicit
3221 1854 3348 1907 no·

980 1960 1256 2030 tanter:
1310 1963 1558 2029 contra
1589 1959 1641 2028 'l
1686 1977 1892 2029 corso
1927 1958 2042 2029 del
2069 1959 2214 2029 ciel.
2250 1955 2456 2029 Unde
2497 1962 2669 2029 nota
2706 1955 2903 2048 quod
2946 1956 3098 2030 ista
3137 1955 3345 2028 litera

980 2080 1214 2171 potest
1272 2076 1570 2173 intelligi
1637 2076 2052 2171 dupliciter3
2118 2096 2268 2150 uno
2334 2075 2552 2149 modo
2612 2074 2979 2170 historice,
3041 2074 3339 2165 scilicet,

982 2196 1180 2289 quod
1230 2196 1477 2289 aquila
1527 2202 1811 2291 portata
1872 2195 1967 2269 ab
2026 2197 2223 2270 Enea
2285 2196 2380 2269 ab
2445 2194 2610 2269 Asia
2672 2196 2743 2269 in
2795 2196 3091 2270 ltaliam
3148 2193 3341 2269 venit

982 2333 1155 2388 cum
1207 2335 1427 2387 cursu
1484 2314 1672 2408 coeli‚
1709 2304 1882 2409 'quia
1916 2315 2187 2390 scilicet
2233 2315 2328 2389 ab
2371 2315 2651 2390 oriente
2703 2315 2774 2388 in
2827 2316 3335 2402 occidentem3

980 2434 1275 2526 quando
1326 2454 1504 2509 vero
1556 2435 1688 2508 fuit
1739 2441 2109 2529 reportata
2160 2454 2290 2530 per
2349 2434 2901 2509 Constantinum
2970 2436 3073 2510 de
3140 2432 3334 2507 ltalia

980 2553 1054 2626 in
1104 2553 1458 2630 Graeciam
1513 2554 1641 2628 ivit
1690 2559 1945 2629 contra
1990 2575 2294 2629 cursum
2331 2556 2521 2649 coeli,
2558 2555 2730 2650 quia
2766 2555 3040 2630 scilicet
3081 2555 3181 2628 ab
3215 2572 3328 2627 oc·
3408 2561 3416 2570 ‘

979 2673 1264 2750 cidente
1316 2674 1386 2748 in
1437 2674 1831 2750 orientem:
1877 2675 2021 2750 alio
2057 2675 2275 2749 modo
2311 2683 2548 2770 potest
2590 2674 2888 2771 intelligi
2930 2672 3331 2773 allegorice

977 2796 1173 2889 quod
1224 2796 1469 2891 aquila
1521 2795 1758 2890 primo
1810 2801 2097 2889 portata
2162 2796 2233 2868 in
2298 2795 2500 2869 ltalia
2570 2796 2766 2870 venit
2834 2816 3011 2870 cum
3080 2795 3333 2869 favore

978 2916 1144 2991 coeli
1195 2923 1267 2991 et
1317 2935 1608 3010 semper
1659 2916 1975 2990 exaltata
2017 2921 2166 3007 est3
2205 2914 2498 3009 quando
2534 2934 2714 2990 vero
2767 2915 2901 2988 fuit
2953 2915 3330 3010 reportata

979 3035 1236 3111 habuit
1275 3035 1730 3109 contrarium
1767 3055 2070 3108 cursum
2107 3034 2297 3128 coeli,
2351 3035 2523 3129 quia
2567 3055 2863 3130 semper
2895 3031 3325 3120 declinavit3

976 3161 1051 3229 et
1109 3154 1330 3227 credo
1400 3154 1595 3247 quod
1659 3155 1792 3229 ista
1858 3154 2081 3228 suerit
2147 3154 2449 3228 intentio
2518 3155 2832 3228 autoris:
2893 3156 3025 3229 sed
3092 3153 3325 3250 prima

978 3274 1331 3368 expositio
1382 3274 1670 3348 videtur
1722 3274 2005 3368 melior,
2047 3274 2217 3367 quia
2247 3266 2321 3364 (²)
2368 3282 2539 3347 ante
2573 3274 3135 3348 Constantinum
3191 3272 3325 3344 im-

977 3393 1266 3488 perium
1320 3392 1634 3466 multum
1687 3393 2179 3467 declinaverat
2230 3399 2390 3487 post
2430 3391 2869 3489 Augustum.
2908 3394 3113 3468 Bene
3149 3407 3327 3484 ergo

979 3512 1187 3587 dicit:
1239 3515 1488 3586 ch’ella
1534 3516 1796 3606 semtiO,
1852 3513 2060 3606 idest,
2102 3533 2324 3605 quem
2378 3532 2684 3587 cursum
2735 3512 2886 3607 ipsa
2923 3514 3176 3607 aquila
3211 3527 3324 3584 se-

977 3639 1215 3728 quuta
1265 3641 1396 3727 est,
1450 3638 1671 3708 dielro
1721 3637 1839 3708 all²
1866 3638 2122 3727 anticO,
2162 3633 2432 3708 scilicet
2485 3633 2780 3726 Eneam,
2826 3634 2951 3727 qui
2987 3634 3193 3708 venit
3253 3629 3319 3701 in

981 3755 1258 3829 ltaliam
1297 3756 1451 3830 fere
1484 3777 1616 3851 per
1652 3754 2223 3851 quadringentos
2264 3773 2496 3827 annos
2529 3759 2702 3827 ante
2752 3752 3015 3826 urbem
3070 3746 3318 3827 condi-

982 3882 1156 3970 tam,
1209 3878 1329 3948 che
1380 3879 1646 3950 Lauina
1682 3879 1874 3969 colse,
1914 3875 2186 3949 scilicet
2221 3874 2290 3947 in
2349 3893 2686 3965 uxorem,
2722 3879 2802 3945 ut
2838 3871 3005 3945 alibi
3041 3872 3314 3947 dictum

978 4004 1091 4069 est
1139 4003 1214 4070 et
1263 3997 1504 4070 statim
1558 3997 1861 4070 dicetur.
1916 3997 2003 4068 Et
2055 3996 2170 4070 hic
2221 4001 2393 4068 nota
2427 3994 2618 4068 bene
2656 3991 2854 4087 quod
2892 3986 3311 4066 monarchia

983 4115 1266 4188 romani
1317 4115 1600 4210 imperii
1652 4116 1839 4190 facta
1893 4121 2002 4188 est
2051 4115 2188 4187 sub
2243 4116 2553 4207 Caesare‚
2607 4113 2951 4207 ampliata
2986 4112 3124 4185 sub
3166 4111 3312 4184 Au-

977 4241 1220 4330 gusto,
1271 4236 1408 4308 sub
1458 4237 1767 4309 Traiano
1820 4241 2180 4330 reparata,
2217 4233 2355 4306 sub
2400 4234 2871 4309 Constantino
2894 4232 3308 4329 justificata,

981 4354 1120 4428 sub
1170 4353 1572 4428 Justiniano
1621 4355 1978 4446 ordinata,
2029 4354 2168 4426 sub
2233 4354 2635 4429 Theodosio
2702 4360 3130 4449 sustentata,
3179 4345 3311 4425 sub

1106 4616 1161 4678 (¹)
1191 4614 1253 4664 E.
1285 4617 1495 4664 centum
1526 4626 1714 4675 annon
1746 4612 1897 4676 apud.
2147 4612 2203 4677 (’)
2234 4614 2296 4664 E.
2326 4615 2571 4678 quoniam
2604 4618 2723 4665 ante
2753 4613 3161 4665 Constantinum.

3566 5473 3582 5523 l
