3734 5567
1158 429 1436 486 CANTUS
1484 432 1868 486 VIGEsmus
1918 431 2201 485 PRIMUS.
2748 424 2837 489 21

503 574 601 649 cit
652 594 875 671 ergo:
936 567 1071 648 Gid
1117 578 1176 648 ,ς’
1200 578 1598 668 incltinava,
1660 576 1780 650 ille
1830 575 2103 649 Statius
2164 576 2494 650 urbanus
2546 583 2619 652 et
2668 598 2845 674 gra-

504 701 646 789 tus,
699 698 800 768 ad
847 695 1267 767 abbracciar
1316 698 1368 768 li
1403 698 1598 787 piedi
1648 698 1726 767 al
1770 698 1910 767 mio
1967 697 2265 785 dottore,
2317 695 2531 769 cuius
2593 717 2672 770 se
2735 696 2847 771 di-

505 816 865 911 scipulum
916 815 1321 911 profitetur.
1376 816 1463 889 Et
1515 815 1631 889 hic
1682 822 1851 890 nota
1908 816 2105 909 quod
2146 821 2360 911 poeta
2401 817 2591 891 bene
2644 815 2848 912 fingit

508 934 817 1009 Statium
870 933 1190 1008 voluisse
1241 936 1728 1028 procumbere
1760 935 1852 1009 ad
1888 935 2109 1030 pedes
2143 935 2440 1031 Virgilii,
2484 936 2659 1030 quia
2693 937 2846 1031 ipse

508 1054 777 1130 Statius
841 1055 978 1129 hoc
1047 1061 1353 1129 testatus
1422 1062 1530 1129 est
1589 1055 1662 1129 in
1734 1056 1921 1150 vita,
1986 1076 2156 1130 nam
2227 1056 2553 1150 perfecto
2620 1078 2845 1152 opere

511 1174 766 1248 maiori
802 1175 998 1249 circa
1032 1175 1231 1268 quod
1264 1176 1728 1250 laboraverat
1761 1175 2150 1250 duodecim
2192 1175 2423 1270 anniS,
2460 1175 2644 1251 sicut
2680 1176 2846 1250 Vir-

506 1294 721 1391 gilius
773 1294 845 1368 in
895 1315 1033 1369 suo
1087 1294 1452 1390 undecim,
1486 1296 1655 1370 dicit
1688 1296 1761 1369 in
1798 1294 1941 1370 fine
1982 1297 2170 1371 libro
2204 1317 2380 1371 suo:
2421 1302 2559 1371 Nee
2609 1305 2680 1371 tu
2729 1301 2844 1372 di-

506 1417 745 1487 vinam
793 1418 1063 1489 Eneida
1113 1423 1363 1507 tempta
1412 1418 1550 1489 Sed
1596 1418 1802 1506 lonye
1857 1435 2142 1507 sequere
2200 1422 2267 1488 et
2324 1419 2612 1507 vestigia
2660 1439 2845 1490 sem-

495 1556 631 1628 per
679 1538 934 1609 adora.
989 1536 1076 1608 Et
1125 1534 1363 1609 subdit
1394 1529 1493 1629 (¹),
1545 1535 1919 1628 quomodo
1969 1534 2310 1631 Virgilius
2373 1536 2738 1611 remiserit
2764 1528 2838 1629 (²)

487 1654 838 1751 Statium,
888 1655 1173 1730 dicens:
1227 1677 1347 1729 ma
1378 1659 1516 1746 elli,
1557 1654 1849 1749 scilicet,
1887 1654 2250 1751 VirgiliuS,
2294 1657 2516 1728 disse:
2549 1677 2594 1728 o
2621 1660 2841 1750 frate,

502 1795 645 1847 non
670 1779 825 1869 sar,
855 1795 1014 1851 rem
1054 1796 1315 1850 vanam
1334 1765 1434 1880 (ἦ),
1460 1770 1583 1849 elle*
1603 1781 1674 1848 tu
1697 1775 2053 1847 se’ombra
2077 1794 2115 1845 e
2138 1774 2389 1847 ombra
2416 1777 2605 1848 vedi:
2633 1775 2840 1868 quasi

500 1896 728 1970 dicat:
786 1902 1100 1989 uterque
1148 1901 1483 1969 nostrum
1533 1900 1645 1968 est
1693 1893 1940 1968 anima
1988 1898 2323 1988 separata
2374 1893 2840 1990 intangibiliS,

504 2016 948 2091 insensibilis
1001 2015 1275 2090 Deinde
1321 2014 1514 2108 dicit,
1567 2013 1765 2107 quod
1820 2013 2091 2088 Statius
2119 2001 2193 2105 (⁴)
2262 2014 2544 2114 urbane
2608 2034 2840 2088 excu-

503 2137 688 2211 savit
737 2156 1073 2212 errorem
1133 2156 1392 2229 suum;
1443 2134 1642 2208 unde
1702 2133 1912 2208 dicit:
1965 2142 2032 2207 el
2085 2137 2172 2224 ei,
2223 2133 2517 2228 scilicet,
2569 2133 2842 2208 Statius

504 2257 907 2352 respondit:
971 2258 1350 2347 suryendo,
1419 2276 1509 2327 or
1562 2258 1734 2347 puoi
1793 2258 2253 2348 comprender
2326 2258 2400 2328 la
2465 2259 2843 2348 quantitate

504 2380 659 2451 dell’
685 2398 919 2466 amor,
968 2374 1275 2469 ardenti,
1327 2376 1497 2447 ch’a
1547 2381 1611 2447 te
1659 2378 1755 2447 mi
1812 2377 2086 2466 scalda,
2137 2375 2231 2448 ad
2291 2375 2687 2448 amandum
2744 2382 2839 2468 te,

502 2499 787 2588 quando
834 2498 1169 2568 disnoento
1218 2501 1464 2567 nostra
1514 2496 1842 2584 vanitate,
1884 2492 2089 2588 idest,
2126 2493 2514 2568 obliviscor
2548 2502 2838 2568 naturae

506 2623 995 2709 mortuorum,
1047 2613 1173 2709 qui
1222 2619 1393 2686 sunt
1444 2613 1612 2687 vani
1642 2605 1742 2706 (⁸),
1795 2612 2013 2687 vacui
2063 2633 2397 2708 corpore,
2477 2617 2839 2688 tractando

502 2740 549 2810 ἴ
572 2738 837 2828 ombre,
887 2736 1089 2830 idest,
1148 2734 1430 2808 animas
1488 2735 1654 2808 licet
1713 2732 2067 2828 visibile33
2128 2755 2320 2806 come
2376 2755 2544 2807 cosa
2601 2737 2837 2828 ealda,

508 2856 708 2950 idest,
757 2875 1214 2950 corpoream,
1266 2853 1703 2928 sensibilem.

628 3108 681 3168 (¹)
715 3107 775 3157 E.
810 3107 878 3158 Et
908 3107 1080 3157 subdit
1111 3111 1263 3157 autor
1292 3107 1573 3171 quomodo.
1840 3105 1895 3169 (Ἴ
1927 3105 1979 3156 S.
2014 3105 2305 3156 retraxerit.
2602 3169 2608 3176 .

628 3183 680 3246 (⁸)
714 3184 775 3234 F·-
806 3197 1040 3235 7843118111·
1837 3182 1892 3246 (⁸)
1927 3186 2035 3243 11⁷,
2067 3181 2260 3232 Statius
2291 3182 2458 3233 voluit
2487 3195 2752 3233 excusare.

629 3260 683 3322 (⁸)
714 3261 776 3311 E.
810 3261 928 3311 nni
957 3265 1012 3311 et
1042 3273 1262 3324 corpore
1294 3261 1459 3321 vacui,
1494 3259 1774 3310 tranando.
