3734 5567
1206 482 1482 536 CANTUS
1532 483 1915 537 vro-Esmns
1964 483 2289 536 warlus.
2799 471 2891 538 53

548 630 760 706 vultu
812 628 1090 703 crudeli
1141 627 1454 702 ferocior
1504 629 1934 724 latronibus,
1985 629 2201 702 dixit:
2253 628 2444 702 filius
2496 649 2707 703 meus
2758 635 2891 723 est,

553 771 765 823 meus
822 755 1102 844 partuS‚
1168 767 1421 822 meum
1490 755 1899 843 peccatum,
1951 748 2350 843 comedite3
2403 769 2576 824 nam
2628 755 2703 822 et
2754 769 2894 845 ego

551 869 750 965 prior
803 868 1085 944 comedi
1137 887 1306 962 quae
1354 868 1614 964 genui:
1668 868 1889 943 nolite
1922 863 1994 961 (⁴)
2057 868 2218 943 fieri
2276 868 2896 944 misericordiores

553 994 816 1082 matre,
867 993 998 1063 aut
1049 988 1348 1063 soemina
1404 989 1774 1064 molliores
1801 981 1900 1082 (²).
1953 990 2057 1064 llli
2116 995 2515 1065 trementes
2568 1010 2893 1067 recesse-

555 1118 749 1204 runt,
804 1112 1001 1185 hunc
1051 1110 1291 1185 solum
1346 1110 1636 1186 miserae
1686 1111 1906 1186 matri
1959 1111 2454 1205 relinquentes
2497 1111 2767 1186 cibum.
2803 1112 2893 1184 Et

555 1230 900 1305 continuo
954 1233 1229 1326 repleta
1287 1236 1399 1305 est
1459 1231 1711 1307 civitas
1775 1232 1993 1306 flebili
2058 1253 2384 1326 rumore,
2459 1237 2530 1305 et
2593 1231 2898 1325 quilibet

553 1349 997 1424 abhorrebat
1060 1351 1335 1428 factum
1398 1352 1601 1425 velut
1663 1352 1722 1425 si
1785 1352 1938 1447 ipse
1996 1351 2314 1445 fecisset3
2376 1359 2448 1426 et
2499 1351 2898 1427 laudabant

557 1478 909 1566 mortuoS‚
926 1478 1315 1567 postquam
1346 1471 1599 1546 talium
1630 1491 1886 1546 rerum
1914 1493 2061 1546 non
2082 1472 2590 1566 polluerentur
2612 1472 2892 1547 auditu.

554 1592 614 1666 N
620 1611 762 1664 unc
793 1591 886 1664 ad
921 1591 1247 1666 literam:
1298 1589 1470 1665 dicit
1502 1596 1754 1686 poeta:
1791 1596 1874 1664 Io
1909 1594 2132 1683 dicea,
2161 1596 2286 1686 [να
2334 1612 2442 1664 me
2472 1599 2686 1664 stesso
2709 1613 2893 1684 pen-

551 1716 778 1785 sando
797 1737 820 1784 .·
870 1733 1025 1784 ecco
1077 1715 1149 1785 la
1198 1718 1423 1803 yeme,
1459 1710 1735 1806 perfida
1776 1711 2224 1806 judaeorum,
2279 1713 2397 1784 che
2432 1708 2655 1803 perde*
2682 1715 2894 1785 Jeru-

552 1836 905 1924 salemme,
967 1831 1164 1905 unde
1223 1831 1579 1926 Iosephus
1629 1830 1945 1906 narratis
2004 1829 2297 1905 infinitis
2359 1830 2896 1905 calamitatibus

554 1972 842 2046 eorum,
895 1951 1301 2046 concludit3
1359 1959 1440 2024 ut
1488 1955 1742 2025 autem
1778 1950 2101 2026 breviter
2140 1950 2404 2044 dicam,
2440 1971 2684 2045 neque
2715 1956 2896 2047 puto

554 2072 776 2146 aliam
828 2071 1195 2146 civitatem
1253 2091 1581 2163 unquam
1634 2069 1856 2144 fuisse
1907 2091 2192 2165 passam
2247 2071 2439 2164 talia,
2484 2090 2730 2164 neque
2781 2070 2897 2144 ul-

555 2193 702 2267 lam
756 2191 1125 2266 nationem
1170 2197 1331 2285 post
1366 2191 1747 2265 hominum
1789 2190 2225 2265 memoriam
2265 2191 2640 2266 ferocioris
2675 2191 2897 2265 fuisse

558 2310 871 2385 malitiae.
924 2310 1011 2383 Et
1061 2329 1235 2384 ecce
1286 2310 1619 2404 quando:
1681 2313 1978 2398 Quando
2027 2313 2270 2384 Maria
2309 2315 2425 2385 nel
2451 2314 2649 2403 fiqlio
2683 2307 2799 2386 die*
2824 2313 2902 2384 di

556 2432 782 2520 becco,
833 2449 1005 2503 cum
1057 2430 1312 2504 bucca.
1367 2429 1455 2502 Et
1504 2429 1607 2503 sic
1656 2436 1830 2504 nota
1885 2430 2082 2523 quod
2130 2430 2316 2505 sicut
2343 2421 2417 2522 (³)
2474 2431 2700 2505 Maria
2751 2429 2899 2504 filia

561 2550 883 2625 Joachim
954 2550 1251 2623 hebraea
1315 2549 1489 2623 vidit
1558 2547 1789 2622 filium
1832 2538 1907 2641 (⁸)
1977 2570 2257 2646 agnum
2334 2550 2894 2625 immaculatum

559 2671 951 2745 crudeliter
999 2670 1201 2766 affigi
1251 2670 1447 2766 ligno
1498 2668 1776 2763 crucis3
1842 2669 1945 2743 ita
2007 2690 2206 2744 nunc
2270 2670 2412 2745 alia
2476 2672 2700 2745 Maria
2751 2672 2899 2747 filia

556 2789 883 2866 Eleazari
934 2790 1229 2864 hebraea
1280 2788 1659 2885 proprium
1723 2787 1954 2862 filium
2015 2789 2478 2864 innocentem
2542 2791 2899 2865 crudelis-

557 2911 744 2985 simo
793 2910 1025 2985 affixit
1075 2910 1258 3005 spito
1322 2916 1395 2984 et
1447 2909 1696 2983 dentes
1761 2908 2006 2982 iniecit
2068 2908 2141 2981 iu
2210 2929 2410 2983 eum.
2450 2950 2549 2963 —
2583 2916 2895 2984 Parean.

557 3029 687 3103 Hic
735 3034 950 3124 poeta
1001 3028 1294 3102 adducit
1343 3027 1634 3102 tertiam
1687 3027 2311 3123 comparationem
2342 3018 2417 3119 (³)
2459 3029 2553 3103 ad
2592 3031 2901 3105 manife-

560 3149 892 3223 standam
946 3148 1260 3222 formam
1312 3148 1624 3222 istorum
1664 3146 1950 3221 dicens:
2004 3150 2048 3220 Γ
2074 3149 2400 3239 occhiaie,
2435 3147 2639 3243 idest,
2692 3151 2901 3226 sedes

560 3270 974 3363 oculorum,
1019 3289 1301 3361 parcan
1332 3272 1565 3342 anella
1613 3287 1831 3341 senza
1879 3268 2170 3360 qemme,
2206 3268 2403 3362 quod
2452 3271 2715 3365 probat
2765 3293 2901 3368 per

559 3386 757 3461 aliud
808 3393 1376 3484 argumentum3
1413 3388 1586 3482 quia
1619 3388 1760 3482 ille,
1795 3389 1905 3460 chi
1937 3391 2130 3478 leyqe
2172 3409 2333 3460 omo
2372 3392 2488 3462 nel
2524 3393 2672 3463 viso
2712 3395 2902 3484 dequ

561 3512 827 3583 nomini
891 3510 1056 3582 bene
1123 3512 1333 3581 acria
1399 3511 1588 3602 quivi
1647 3511 2039 3581 conosciuto
2107 3511 2153 3580 ι’
2178 3530 2414 3583 emme.
2484 3510 2636 3584 Hoc
2708 3512 2901 3609 dicit,

562 3629 736 3724 quia
787 3628 977 3702 istud
1028 3648 1298 3702 nomen
1357 3628 1581 3701 homo
1647 3635 1756 3702 est
1820 3627 2265 3723 descriptum
2329 3628 2403 3701 in
2465 3629 2650 3704 facie
2701 3632 2900 3728 eius;

564 3769 735 3823 nam
787 3747 885 3820 ibi
934 3753 1107 3820 sunt
1154 3747 1303 3821 duo
1354 3746 1546 3821 oculi
1581 3746 1769 3821 sicut
1807 3746 1976 3821 duae
2017 3747 2268 3840 literae,
2304 3768 2377 3838 0,
2413 3752 2487 3821 et
2521 3749 2711 3824 linea
2748 3752 2903 3826 nasi

563 3887 737 3942 cum
764 3866 1053 3941 duobus
1077 3867 1401 3941 arcubus
1429 3866 1990 3962 superciliorum
2021 3867 2296 3941 faciunt
2329 3867 2645 3942 formam
2681 3871 2902 3947 huius

561 3986 791 4061 literae
840 3991 926 4059 Μ
930 4012 961 4079 ,·
1010 3990 1090 4059 H
1137 4006 1315 4060 vero
1376 4007 1522 4060 non
1581 3993 1692 4061 est
1743 3986 1953 4061 litera
2004 3986 2132 4062 sed
2180 3986 2635 4082 aspirationis
2684 3996 2900 4088 nota3

560 4105 724 4180 ideo
776 4105 983 4180 facile
1034 4112 1320 4201 poterat
1370 4106 1533 4200 quis
1567 4107 1816 4202 legere
1867 4111 1953 4180 M
1995 4107 2069 4180 in
2118 4106 2304 4182 facie
2334 4096 2408 4200 (⁰)
2448 4106 2753 4184 istorum
2792 4112 2903 4189 fa-

708 4369 728 4398 .
775 4294 837 4344 E.
867 4294 1031 4344 nolite
1061 4307 1189 4358 ergo
1220 4294 1349 4344 fleri.
1725 4293 1786 4356 (’)
1817 4294 1879 4343 Ε.
1911 4293 2172 4345 meliores.

708 4294 744 4355 ¹)

707 4374 743 4506 -3

727 4525 743 4580 2

773 4371 835 4420 E.
867 4371 1001 4421 sicut
1034 4371 1398 4435 gloriosissima
1431 4370 1594 4434 Virgo
1626 4370 1813 4422 Maria.

777 4447 838 4496 E.
871 4447 1036 4497 fllium
1068 4461 1222 4497 suum
1254 4448 1465 4498 unicum
1501 4461 1712 4511 agnum.

780 4526 886 4582 11⁷,
921 4522 1363 4585 comparationem
1394 4522 1652 4587 pulcram.

782 4601 889 4659 11⁷,
922 4599 973 4648 in
1004 4598 1174 4649 vultu.

687 4295 704 4354 (

688 4374 705 4433 (

689 4450 706 4509 (

691 4526 706 4584 (

691 4597 746 4661 (“)
