3734 5567
1176 508 1451 564 CAN‘rUs
1500 511 1884 565 vlesssmus
1932 512 2190 566 NONUS.
2719 502 2855 568 189

510 661 692 729 tum.
722 655 905 730 Dicit
931 675 1150 751 ergo:
1189 660 1313 729 Ma
1348 658 1420 729 la
1455 652 1650 730 verli)
1683 656 1845 729 ck'a
1886 661 2145 749 raqion
2179 661 2497 732 discorso
2530 681 2860 734 amman-

508 796 633 866 πα,
663 775 863 869 idest,
894 774 1125 848 virtus
1151 774 1379 849 visiva
1409 797 1576 869 quae
1616 777 2039 851 transmittit
2073 777 2381 852 interius
2414 779 2508 852 ad
2533 779 2853 854 animam

509 895 822 989 speciem
863 895 968 969 rei
1006 894 1199 989 visae,
1227 901 1300 969 et
1335 895 1437 969 sic
1471 902 1837 991 praeparat
1869 897 2283 972 discursum
2322 899 2580 974 rationi
2616 901 2709 974 ad
2745 901 2857 975 in-

509 1015 980 1111 telligendum
995 1040 1015 1109 3
1044 1016 1184 1109 vel,
1212 1018 1284 1088 la
1312 1012 1532 1106 vern),
1552 1015 1841 1110 scilicet,
1861 1016 2272 1112 discretiva,
2300 1040 2622 1111 apprese,
2646 1020 2851 1114 idest,

509 1137 1080 1231 comprehendit,
1112 1129 1173 1208 si
1206 1139 1383 1209 com’
1409 1140 1523 1210 elli
1555 1158 1735 1210 eran
1768 1140 2177 1212 candelabri
2227 1159 2427 1232 vere,
2473 1162 2535 1231 e,
2577 1148 2850 1235 repete,

507 1257 979 1352 apprehendit
1014 1261 1335 1349 Osanna,
1360 1261 1535 1331 nelle
1568 1261 1721 1331 voci
1759 1262 1876 1332 del
1903 1267 2182 1351 contar,
2221 1260 2430 1355 quasi
2464 1261 2700 1335 dicat:
2739 1261 2854 1335 in-

508 1377 749 1452 tellexi
787 1377 859 1450 in
896 1378 1195 1452 vocibus
1229 1378 1652 1452 canentium
1704 1379 1903 1471 quod
1950 1381 2341 1454 cantabant
2392 1382 2744 1475 hosanna,
2777 1389 2853 1455 et

507 1498 731 1592 bene3
781 1519 950 1572 nam
1005 1500 1354 1592 hosanna,
1393 1498 1573 1572 idest
1607 1498 1951 1591 salvifica,
1988 1501 2184 1593 quod
2236 1521 2528 1595 semper
2583 1502 2852 1576 clamat

507 1619 807 1693 ecclesia
844 1618 1157 1693 militans
1208 1638 1342 1714 per
1392 1638 1650 1693 omnes
1691 1640 1861 1693 suas
1897 1619 2112 1715 acieS,
2155 1619 2487 1695 videlicet
2537 1623 2847 1695 salutem

504 1740 874 1833 omnium3
918 1742 1201 1830 quando
1228 1742 1339 1832 fui
1366 1731 1427 1811 si
1450 1760 1703 1831 presso
1736 1742 1812 1813 di
1843 1744 1957 1813 lor
1983 1745 2189 1835 fatto,
2239 1741 2414 1834 quia
2455 1741 2844 1815 veniebant

504 1863 760 1933 contra
798 1878 943 1951 me,
995 1861 1114 1931 che
1146 1861 1190 1930 Γ
1209 1859 1452 1932 obieuo
1484 1880 1762 1950 comun,
1798 1859 2089 1955 scilicet,
2126 1860 2389 1958 figura,
2425 1864 2545 1934 che
2568 1863 2619 1933 'l
2645 1881 2851 1932 senso

501 1981 846 2069 inyanna,
882 1998 1025 2050 non
1070 1981 1336 2070 perdea
1386 1982 1592 2051 alcun
1640 2000 1769 2052 suo
1818 1986 1989 2070 atto,
2025 1980 2196 2074 quia
2249 2001 2395 2053 non
2447 1979 2848 2074 decipiebat

504 2097 767 2192 visum,
810 2120 945 2190 per
994 2101 1374 2190 discanzia,
1425 2098 1694 2173 scilicet
1743 2100 2061 2197 longam.
2115 2101 2203 2173 Et
2253 2101 2369 2175 hic
2429 2106 2598 2175 nota
2651 2100 2848 2195 quod

502 2217 802 2310 quilibet
825 2238 1177 2292 sensuum
1209 2218 1430 2292 babet
1454 2219 1832 2313 proprium
1861 2219 2260 2315 obiectum,
2281 2221 2469 2295 sicut
2495 2221 2692 2294 visus
2718 2241 2850 2294 co-

503 2338 761 2431 lorem,
812 2337 1106 2413 auditus
1158 2358 1448 2431 sonum,
1502 2339 1849 2412 odoratus
1897 2339 2290 2433 odorabile,
2329 2347 2569 2415 tactus
2612 2340 2848 2437 tangi-

506 2457 670 2553 bile,
704 2465 963 2555 gustus
1013 2478 1394 2552 saporem3
1431 2465 1505 2531 et
1539 2459 1759 2532 habet
1791 2478 2213 2553 commune,
2251 2459 2439 2534 sicut
2489 2480 2848 2534 numerus

504 2584 579 2652 et
631 2577 867 2675 figura
926 2577 1390 2675 cognoscitur
1448 2598 1580 2672 per
1610 2570 1682 2669 (¹)
1750 2583 2052 2652 tactum.
2117 2580 2301 2653 Nota
2361 2579 2583 2654 etiam
2648 2579 2842 2673 quod

507 2701 702 2775 visus
753 2701 1122 2773 humanus
1164 2719 1309 2773 non
1344 2704 1581 2793 potest
1612 2719 1657 2772 a
1701 2699 1916 2796 longe
1950 2719 2396 2796 cognoscere
2447 2707 2522 2774 et
2570 2699 2846 2772 discer-

504 2841 682 2896 nere
707 2818 1188 2914 quantitatem
1214 2825 1289 2893 et
1314 2817 1739 2913 qualitatem
1766 2818 2053 2911 obiecti,
2082 2819 2268 2892 sicut
2294 2825 2491 2914 patet
2516 2819 2587 2891 in
2615 2818 2843 2908 stella,

502 2961 667 3035 quae
718 2941 1009 3015 videtur
1062 2939 1269 3013 nobis
1319 2941 1625 3034 parvula
1668 2938 1742 3012 in
1776 2937 2208 3032 quantitate,
2252 2959 2425 3013 cum
2474 2947 2719 3013 tamen
2754 2937 2846 3011 sit

504 3061 735 3134 maior
785 3066 935 3133 tota
988 3066 1225 3152 terra3
1268 3058 1367 3132 ita
1420 3058 1494 3131 in
1545 3057 1856 3132 terrenis
1893 3056 2249 3153 videmuS,
2288 3059 2486 3153 quod
2521 3059 2578 3131 si
2619 3059 2842 3131 homo

500 3179 590 3253 sit
639 3179 711 3253 in
761 3179 1105 3253 altissima
1145 3178 1334 3251 turri
1378 3178 1666 3252 videtur
1699 3199 1926 3273 parva
1968 3179 2162 3273 avis3
2204 3178 2299 3253 ita
2353 3179 2426 3252 in
2477 3177 2844 3273 proposito

501 3301 632 3375 ista
683 3298 1118 3373 candelabra
1170 3304 1382 3372 erant
1433 3298 1506 3370 in
1559 3318 1640 3372 se
1690 3299 2040 3391 maxima,
2095 3304 2343 3373 tamen
2404 3298 2840 3373 videbantur

500 3441 724 3516 parva
778 3426 860 3492 ut
909 3419 1234 3493 arbores,
1264 3460 1363 3472 —
1388 3421 1484 3491 Di
1527 3439 1769 3511 sopra.
1836 3420 1968 3493 Hic
2025 3425 2240 3514 poeta
2300 3426 2594 3494 ostenso
2646 3417 2842 3511 quod

499 3561 678 3615 vere
726 3539 1067 3638 cognovit
1116 3539 1576 3632 candelabra,
1627 3539 1943 3613 ostendit
2001 3539 2199 3632 quod
2260 3540 2604 3634 cognovit
2654 3560 2840 3633 qua-

498 3661 661 3737 liter
712 3661 805 3735 ab
856 3661 959 3735 eis
1008 3660 1448 3754 procedebat
1496 3659 1749 3733 lumen
1801 3658 1999 3731 illud.
2043 3658 2247 3732 Unde
2296 3659 2504 3733 dicit:
2558 3662 2626 3732 Il
2670 3661 2843 3731 bello

497 3803 770 3873 arnese,
822 3779 1028 3876 idest,
1069 3783 1325 3876 pulcer
1376 3785 1681 3853 ornatus
1733 3776 2369 3870 candelabrorum,
2412 3798 2457 3851 a
2492 3798 2642 3870 quo
2682 3798 2842 3851 ma-

497 3909 621 3977 nat
669 3921 893 3976 omne
942 3902 1308 3996 pulcrum,
1349 3900 1896 3992 fiammeyyiava
1946 3898 2023 3969 di
2066 3916 2316 3987 sopra,
2367 3896 2574 3989 idest,
2617 3915 2842 3989 super

495 4042 575 4098 se
624 4022 927 4097 ardebat
977 4027 1050 4096 et
1102 4020 1482 4095 emittebat
1532 4020 1867 4092 flammas
1918 4014 2263 4089 facientes
2327 4015 2531 4087 illum
2600 4014 2842 4108 splen-

494 4143 748 4217 dorem
802 4143 874 4216 in
928 4142 1229 4215 modum
1298 4139 1502 4236 ignis.
1569 4139 1656 4211 Et
1715 4137 2037 4211 declarat
2103 4133 2370 4209 arnesii
2433 4133 2837 4207 claritatem

491 4283 625 4359 per
678 4263 993 4338 nobilem
1044 4260 1669 4356 comparationem
1724 4258 1818 4332 de
1882 4277 1962 4333 se
2015 4256 2500 4349 manifestam,
2555 4254 2838 4328 dicens:

489 4380 613 4478 pii)
660 4387 903 4458 chiaro
954 4387 1171 4476 assai,
1231 4382 1408 4456 illud
1457 4380 1864 4475 arnesium,
1919 4382 2038 4453 che
2082 4381 2250 4452 luna
2281 4399 2420 4470 per
2469 4397 2718 4449 sereno
2769 4377 2844 4447 di

616 4645 676 4709 (¹)
708 4651 817 4708 1¹⁷,
852 4658 946 4710 per
978 4646 1148 4699 visum
1179 4650 1232 4695 et
1264 4649 1480 4695 tactum.
