3734 5567
1220 531 1499 586 CANTUS
1549 530 1933 586 VIGESIMUS
1982 529 2267 583 SEXTUS.
2769 518 2901 585 131
2932 544 2939 549 ’

562 685 951 773 conceptos
986 699 1076 753 ex
1114 678 1379 752 Jasone
1414 676 1811 751 transmisit
1845 676 2147 751 alendos
2178 678 2271 752 ad
2306 685 2592 771 patrem
2620 679 2911 752 Thoan-

566 803 716 872 tem
767 798 860 873 ad
910 798 1224 872 insulam
1279 797 1566 890 Chium,
1619 817 1845 891 quem
1899 817 1980 871 se
2030 797 2375 872 occidisse
2429 798 2908 874 simulaverat

564 925 988 993 constructo
1040 938 1258 1014 rogo:
1311 923 1564 1012 postea
1615 938 1788 991 cum
1845 916 2304 991 manifestato
2354 919 2473 1013 pio
2524 919 2722 992 furto
2771 938 2911 992 suo

565 1037 953 1134 Hypsypile
988 1036 1278 1132 sugeret
1312 1035 1385 1109 in
1422 1035 1758 1111 navicula
1791 1058 1837 1111 a
1875 1036 2128 1111 surore
2162 1036 2659 1131 foeminarum,
2696 1042 2909 1132 capta

566 1179 612 1232 a
675 1157 924 1252 piratis
983 1157 1154 1231 data
1223 1162 1335 1231 est
1383 1158 1722 1252 Lycurgo
1801 1157 1958 1254 regi
2033 1157 2355 1251 Nemae0,
2407 1158 2620 1232 cuius
2680 1158 2915 1232 infan-

567 1278 766 1349 tulus
817 1276 1315 1351 Archemorus
1367 1275 1802 1349 commissus
1856 1282 1968 1351 est
2020 1297 2222 1351 curae
2283 1275 2506 1373 ipsius
2559 1276 2908 1350 mulieris,

565 1396 668 1470 Eo
720 1401 1056 1491 tempore
1108 1396 1458 1470 Adrastus
1510 1415 1642 1470 rex
1694 1396 2125 1491 argivorum
2171 1415 2344 1469 cum
2381 1402 2661 1491 septem
2715 1396 2913 1490 regi-

566 1516 704 1589 bus
744 1515 955 1589 duxit
984 1509 1059 1607 (¹)
1099 1515 1509 1590 exercitum
1545 1521 1802 1590 contra
1835 1514 2156 1609 Thebas;
2192 1521 2266 1589 et
2300 1535 2473 1589 cum
2511 1515 2733 1590 nimia
2769 1514 2912 1589 sic-

564 1635 779 1711 citate
829 1635 1332 1711 deficientibus
1382 1635 1593 1730 aquis
1642 1635 1918 1729 ubique
1951 1654 2208 1709 omnes
2248 1635 2672 1710 laborarent
2706 1656 2912 1709 mor-

565 1756 774 1830 tifera
824 1755 961 1851 siti,
1024 1756 1413 1857 Hypsypile
1480 1755 1820 1851 precibus
1871 1754 2177 1849 Adrasti,
2232 1755 2484 1829 relicto
2544 1755 2616 1828 in
2682 1755 2908 1850 pratis

565 1877 874 1971 parvulo
924 1876 1113 1951 inter
1165 1877 1407 1970 floreS,
1450 1875 1577 1950 ivit
1608 1876 1701 1950 ad
1753 1876 2314 1951 monstrandum
2351 1875 2700 1971 Langiam
2744 1876 2908 1950 fon-

567 2001 739 2090 tem,
778 1995 901 2089 qui
954 1997 1153 2070 solus
1187 1996 1377 2070 inter
1413 1996 1648 2070 fontes
1683 2016 1830 2070 non
1873 2002 2217 2089 aruerat3
2255 1995 2464 2069 cuius
2497 2016 2693 2089 aqua
2734 2017 2910 2091 gra-

565 2113 841 2188 tissima
891 2135 1150 2189 omnes
1201 2121 1612 2210 opportune
1646 2115 1958 2189 recreati
2010 2120 2180 2188 sunt
2231 2121 2305 2189 et
2356 2114 2518 2188 facti
2572 2115 2905 2210 animosi,

571 2235 775 2309 velut
811 2235 869 2308 si
903 2254 1077 2308 cum
1111 2256 1307 2329 aqua
1344 2235 1690 2309 bibissent
1724 2234 1973 2330 ignem
2012 2233 2200 2308 belli.
2244 2234 2384 2307 Sed
2410 2233 2592 2306 dum
2627 2235 2907 2332 Hypsy-

573 2355 715 2451 pile
766 2361 1106 2431 narraret
1145 2356 1553 2451 praeteritos
1617 2355 1906 2429 labores
1965 2375 2140 2427 suos
2190 2354 2469 2449 placido
2520 2353 2699 2449 seni,
2736 2376 2910 2429 nar-

572 2476 933 2551 rationem
972 2474 1362 2571 interrupit
1396 2495 1612 2549 casus
1649 2474 1935 2549 infelix:
1974 2495 2143 2548 nam
2183 2494 2482 2570 serpens
2515 2474 2705 2549 inter
2738 2475 2912 2550 her-

568 2596 700 2670 bas
750 2595 1120 2670 ludentem
1177 2595 1716 2670 Archemorum
1759 2599 2212 2668 mactaverat
2263 2593 2577 2668 verbere
2627 2593 2901 2667 caudae.

566 2714 734 2802 Quo
763 2714 1014 2789 audito
1060 2713 1305 2789 infelix
1338 2713 1729 2811 Hypsypile
1763 2734 1911 2787 non
1945 2713 2174 2787 verba
2210 2732 2355 2786 non
2389 2713 2755 2808 lacrymas
2796 2712 2910 2785 in-

563 2834 765 2909 venit
830 2834 1094 2930 primo,
1155 2835 1282 2909 sed
1341 2834 1591 2909 oscula
1656 2840 1984 2927 tantum3
2048 2832 2341 2906 tandem
2409 2853 2554 2906 vox
2615 2832 2913 2929 fatigata

563 2954 838 3047 dolore,
875 2961 1105 3028 totam
1156 2956 1439 3050 sylvam
1477 2953 1783 3049 replevit
1821 2953 2149 3026 clamore
2184 2952 2604 3048 miserabili,
2641 2974 2914 3028 vocans

565 3094 884 3169 puerum
936 3074 1227 3148 dulcem
1281 3073 1679 3169 imaginem
1746 3071 2093 3167 filiorum,
2157 3072 2484 3147 solamen
2535 3074 2789 3168 patriae
2840 3080 2914 3149 et

567 3213 823 3268 rerum
890 3214 1226 3287 suarum,
1279 3199 1355 3268 et
1414 3213 1569 3266 suae
1632 3192 2007 3266 servitutis
2075 3192 2456 3268 honorem.
2528 3195 2914 3290 Lycurgus

567 3332 748 3387 vero
798 3314 909 3388 ira
960 3319 1034 3388 et
1096 3313 1350 3388 furore
1409 3333 1763 3387 accensus
1831 3312 2164 3387 mittebat
2223 3313 2315 3388 ad
2376 3312 2573 3388 illam
2632 3313 2913 3389 interfi-

566 3431 941 3526 ciendam,
978 3432 1105 3507 sed
1145 3433 1455 3528 TydeuS,
1499 3432 1882 3527 Capaneus
1933 3438 2007 3506 et
2056 3432 2176 3507 alii
2227 3434 2453 3508 duces
2492 3454 2912 3530 graecorum

571 3558 1052 3647 protexerunt
1084 3572 1291 3626 eam:
1329 3552 1621 3625 interim
1657 3551 1923 3625 milites
1957 3562 2447 3634 cucurrerant
2491 3552 2583 3627 ad
2636 3561 2913 3629 terram

568 3692 741 3745 cum
796 3670 991 3745 ferro
1043 3676 1119 3745 et
1168 3669 1379 3766 igne3
1431 3671 1558 3745 sed
1616 3671 1900 3765 sapiens
1964 3692 2190 3746 senex
2253 3672 2603 3747 Adrastus
2670 3673 2913 3747 subito

568 3792 845 3866 intrans
882 3790 1318 3867 frementem
1357 3791 1679 3885 turbam,
1707 3792 2099 3866 ostendens
2131 3793 2596 3889 Hypsypilem
2632 3793 2907 3866 salvam

570 3932 796 4006 quam
849 3930 1104 3985 secum
1154 3916 1599 4005 portaverat,
1652 3911 2024 3984 revocavit
2084 3932 2211 3986 eos
2261 3911 2357 3985 ab
2410 3911 2713 3986 excidiO.
2768 3911 2910 3986 Sed

569 4031 860 4105 volente
909 4030 1056 4105 sato
1108 4051 1201 4105 ex
1254 4039 1456 4108 tanto
1505 4030 1758 4105 dolore
1793 4036 1865 4105 et
1903 4031 2168 4106 timore
2203 4031 2447 4107 laetitia
2484 4036 2655 4106 nata
2689 4038 2801 4106 est
2842 4039 2916 4107 et

569 4149 933 4245 inopinata
985 4170 1170 4246 spes.
1224 4151 1411 4225 Nam
1473 4150 1623 4225 duo
1675 4150 1797 4224 filii
1856 4150 2283 4247 Hypsypiles
2334 4150 2459 4244 qui
2514 4152 2914 4246 quaerendo

569 4277 886 4346 matrem
952 4276 1308 4346 venerant
1368 4271 1743 4345 Nemaeam
1809 4272 2121 4367 noviter,
2172 4278 2247 4346 et
2304 4272 2555 4347 audito
2608 4294 2917 4348 rumore

566 4390 660 4465 de
715 4398 953 4466 morte
1003 4390 1150 4484 filii,
1187 4390 1432 4465 statim
1485 4391 1771 4466 iverant
1806 4412 1978 4465 cum
2016 4394 2358 4491 Lycurgo
2392 4393 2466 4467 in
2504 4394 2661 4469 eius
2704 4395 2912 4470 favo-

695 4650 758 4716 ι’)
793 4656 886 4703 11⁷
917 4665 948 4702 ο
979 4652 1041 4703 Β.
1075 4653 1310 4704 ducebat.
