3734 5567
1198 496 1475 552 CANTUS
1525 499 1907 553 Vtut-:smus
1956 501 2279 554 'mm-ms.
2788 490 2878 554 57

529 668 662 744 per
713 666 803 720 ea
851 664 1020 739 quae
1045 643 1203 739 jam
1240 643 1567 739 exposita
1601 651 1774 717 sunt
1805 666 2032 740 supra
2065 645 2158 719 de
2204 645 2515 720 mirabili
2550 644 2876 740 potentia

528 785 922 864 pomorum
975 770 1049 838 et
1098 784 1335 857 aquae.
1390 764 1574 838 Dicit
1625 784 1845 861 ergo:
1882 771 1973 838 Ec
2014 769 2128 840 elli
2164 786 2213 838 a
2255 787 2387 857 me,
2423 764 2702 861 supple,
2737 764 2881 840 Fo-

530 887 762 963 resius
811 884 1035 959 dixit:
1102 880 1296 959 verti)
1345 887 1518 958 cade
1567 886 1727 959 dell'
1751 893 1989 960 eterno
2038 889 2399 978 consiqlio,
2449 886 2653 980 idest,
2706 905 2882 980 pro-

533 1008 731 1084 venit
780 1026 876 1082 ex
935 1006 1137 1101 justo
1197 1005 1475 1100 judicio
1542 1005 1693 1100 Dei,
1765 1007 1859 1082 ad
1900 1008 2357 1103 purgandam
2414 1008 2665 1104 gulam
2718 1006 2880 1102 pin-

530 1148 756 1226 guem
808 1132 881 1202 et
933 1131 1258 1218 unctam,
1312 1128 1467 1199 nel?
1495 1147 1685 1218 aqua
1734 1149 1771 1199 e
1820 1131 2008 1201 nella
2041 1131 2317 1221 pinula,
2366 1128 2572 1221 idest,
2609 1127 2878 1202 arbore

532 1247 912 1344 pomifera,
962 1249 1237 1319 m‘masa
1287 1248 1586 1337 adietrO,
1638 1267 1806 1341 quae
1866 1248 2229 1344 descripta
2279 1253 2389 1323 est
2440 1268 2685 1343 supra,
2746 1266 2879 1319 on-

531 1369 684 1442 d'io
731 1360 793 1439 εὶ
842 1367 1360 1458 m’assottiylio,
1394 1366 1600 1458 idest,
1637 1386 2036 1441 excarnor:
2074 1374 2148 1441 et
2182 1368 2450 1461 subdit,
2492 1367 2693 1461 quod
2731 1386 2876 1440 non

534 1488 772 1562 solum
823 1485 977 1581 ipse
1009 1485 1136 1559 sed
1172 1485 1416 1560 caeteri
1455 1485 1693 1560 taliter
1726 1486 2163 1582 puniuntur,
2196 1486 2480 1561 dicens:
2525 1493 2698 1560 tutta
2732 1493 2878 1560 esta

530 1614 753 1699 yeme,
804 1606 1007 1700 idest,
1061 1605 1197 1679 ista
1248 1605 1639 1679 multitudo
1691 1626 1961 1701 magna
2012 1626 2239 1700 quam
2274 1605 2513 1679 cernis
2551 1606 2667 1681 hic
2718 1625 2879 1680 me-

533 1749 704 1803 cum
757 1726 1071 1801 transire
1120 1727 1260 1800 sub
1309 1726 1601 1820 arbore,
1645 1727 1766 1799 che
1803 1730 2213 1818 pianyendo
2254 1734 2488 1819 canta,
2529 1725 2872 1801 dicendo:

530 1849 826 1921 Domine
875 1848 1065 1920 labia
1115 1865 1270 1919 mea
1319 1849 1616 1939 operm,
1673 1851 1757 1918 ut
1807 1845 2085 1920 dictum
2139 1852 2249 1921 est
2299 1867 2546 1941 supra,
2596 1848 2661 1919 si
2728 1837 2877 1940 rifd

531 1974 738 2040 santa
787 1970 907 2058 qui
951 1969 1027 2039 in
1071 1970 1263 2061 same
1312 1987 1350 2038 e
1397 1969 1472 2038 in
1520 1972 1684 2057 sele,
1732 1966 1857 2039 ubi
1900 1966 2138 2060 primo
2190 1966 2433 2041 suerat
2479 1965 2872 2062 peccatrix,

528 2108 660 2180 per
707 2090 1018 2178 sequitur
1072 2090 1144 2158 la
1192 2089 1360 2177 yola
1410 2089 1587 2159 olcre
1621 2088 1916 2176 misura,
1952 2086 2159 2180 idest,
2200 2086 2591 2182 plusquam
2645 2106 2873 2181 expe-

536 2206 639 2282 dit
697 2206 791 2282 ad
851 2206 1504 2281 substentationem
1559 2205 1750 2300 vitae,
1804 2206 2212 2280 secundum
2266 2206 2875 2300 complexionem,

532 2333 853 2420 aetatem,
903 2326 1175 2420 locum,
1232 2333 1545 2421 tempuS,
1595 2325 1954 2419 laborem,
2001 2326 2381 2423 regionem
2411 2321 2524 2420 (¹);
2578 2348 2749 2401 nam
2802 2326 2877 2399 in

533 2447 671 2519 hoc
721 2451 1011 2541 oportet
1061 2446 1268 2540 sequi
1324 2445 1649 2519 medium
1693 2446 2001 2541 virtutis,
2045 2446 2395 2540 quoniam
2449 2445 2627 2520 illud
2678 2445 2876 2540 quod

533 2572 645 2640 est
696 2566 1083 2639 minimum
1141 2566 1287 2660 uni,
1341 2566 1552 2640 alteri
1606 2571 1716 2639 est
1767 2566 2103 2660 nimium,
2156 2566 2344 2641 sicut
2402 2567 2874 2662 philosophus

532 2684 825 2759 adducit
872 2686 1296 2780 exemplum
1339 2686 1430 2760 de
1467 2685 1725 2760 Milone
1774 2684 2092 2782 gigante,
2128 2685 2255 2779 qui
2289 2705 2540 2782 pugno
2594 2693 2873 2760 macta-

531 2804 656 2880 bat
707 2813 1030 2900 taurum,
1082 2813 1157 2881 et
1218 2807 1423 2880 illum
1476 2813 1768 2880 coctum
1841 2805 2274 2880 comedebat
2319 2826 2455 2880 nec
2504 2808 2872 2902 gravaba-

533 2931 696 3020 tur3
749 2932 824 2999 et
876 2933 1123 3000 tamen
1174 2947 1300 3021 pes
1351 2926 1540 2999 illius
1591 2926 1785 3000 tauri
1838 2925 2010 3000 satis
2060 2926 2314 3000 fuisset
2367 2926 2563 3001 mihi.
2607 2927 2696 3001 Et
2745 2928 2874 3003 de-

531 3046 761 3120 clarat
809 3067 1110 3121 causam
1149 3046 1366 3145 huius
1402 3046 1613 3120 famis
1648 3052 1721 3121 et
1753 3046 1931 3140 sitis,
1966 3046 2253 3122 dicens:
2292 3050 2367 3119 L’
2391 3049 2576 3121 odor
2609 3050 2875 3121 elt'esce

530 3167 643 3238 del
677 3188 895 3258 pomo
945 3188 983 3238 e
1032 3169 1211 3240 dello
1259 3188 1599 3259 sprazzo,
1651 3165 1834 3240 idest
1864 3156 1965 3259 (²),
2009 3187 2229 3260 aqua,
2282 3169 2402 3239 che
2448 3170 2512 3239 si
2559 3169 2871 3242 distende

530 3305 611 3359 su
654 3307 788 3378 per
835 3306 967 3358 sua
1008 3288 1347 3376 verdura,
1388 3286 1678 3379 scilicet,
1715 3285 1789 3358 in
1833 3307 2082 3360 ramos
2121 3286 2430 3381 arboriS,
2481 3290 2550 3360 η’
2579 3291 2872 3362 accende

531 3424 732 3495 cura,
785 3404 990 3499 idest,
1040 3404 1423 3502 ingenerat
1473 3405 1679 3479 nobis
1727 3404 2156 3501 appetitum,
2192 3407 2268 3479 di
2298 3407 2458 3479 bere
2489 3428 2527 3479 e
2558 3409 2635 3480 di
2665 3429 2873 3481 man-

530 3527 752 3615 yiare.
778 3566 879 3579 —
903 3531 969 3599 E
1013 3548 1176 3599 non.
1215 3527 1346 3600 Hic
1378 3525 1718 3600 Foresius
1752 3527 2118 3622 assignata
2155 3547 2378 3602 causa
2421 3548 2658 3622 poenae
2694 3529 2873 3604 isto-

532 3667 726 3740 rum,
754 3645 1074 3740 assignat
1107 3666 1407 3720 causam
1446 3645 1866 3719 intensionis
1902 3666 2138 3740 poenae
2173 3666 2461 3741 eorum,
2491 3648 2664 3741 quia
2692 3669 2871 3723 con-

534 3766 736 3839 tinuo
788 3765 1062 3840 vadunt
1097 3771 1170 3839 et
1207 3764 1517 3839 redeunt
1549 3764 1641 3838 ad
1692 3765 1937 3839 locum
1977 3765 2263 3839 arboris
2299 3773 2371 3839 et
2406 3787 2644 3860 aquae.
2686 3768 2872 3842 Dicit

531 3905 751 3982 ergo:
787 3891 853 3959 E
880 3893 1114 3978 questo
1145 3908 1443 3979 spazzo,
1487 3886 1689 3980 idest,
1725 3884 1862 3959 ista
1895 3885 2393 3961 deambulatio
2429 3909 2653 3980 quam
2691 3909 2871 3963 con-

530 4004 737 4079 tinuo
770 4005 1100 4099 facimuS,
1131 4008 1465 4099 qia-ande,
1514 4005 1707 4080 circa
1750 4012 2101 4100 montem,
2142 4008 2207 4078 si
2246 4007 2626 4099 rinfresca,
2664 4007 2869 4103 idest,

531 4134 838 4200 renovat
886 4132 963 4201 et
1012 4133 1327 4222 reparat,
1364 4134 1610 4200 nostra
1637 4147 1852 4219 pena,
1888 4126 2181 4220 scilicet,
2220 4125 2491 4201 famem
2535 4137 2611 4205 et
2653 4128 2870 4224 sitim,

528 4265 672 4318 non
710 4266 856 4338 pur
905 4267 1051 4319 una
1101 4249 1313 4338 volta,
1380 4246 1590 4340 quasi
1641 4246 1868 4321 dicat:
1924 4246 2074 4320 imo
2109 4247 2549 4343 saepessime.
2587 4250 2675 4326 Et
2708 4249 2868 4323 talis

531 4370 731 4438 recte
780 4365 994 4439 debet
1045 4385 1205 4440 esse
1253 4386 1471 4461 poena
1522 4365 1782 4461 gulosi,
1837 4371 1919 4440 ut
1969 4366 2157 4442 sicut
2206 4388 2400 4464 saepe
2443 4370 2723 4444 solebat
2763 4369 2873 4443 ire

653 4626 706 4688 (¹)
738 4625 800 4677 E.
829 4631 881 4677 et
913 4626 1206 4691 regionemg
1238 4640 1359 4676 nam
1391 4627 1445 4677 in
1476 4627 1557 4677 bis
1587 4631 1811 4690 oportet.
2061 4625 2117 4688 (⁸)
2149 4625 2211 4677 B.
2241 4626 2387 4687 idest,
2422 4624 2486 4675 de
2519 4637 2667 4687 aqua.
