3734 5567
1142 480 1418 537 CANTns
1467 484 1850 539 vlesssmus
1901 483 2254 551 QUARTUS·
2779 475 2871 540 77

526 627 943 724 dignatione
992 646 1273 701 caecum
1307 626 1670 722 judicium
1709 627 2232 722 quorumdam,
2275 629 2404 723 qui
2449 630 2874 726 ignoranter

521 746 973 822 contendunt
1006 745 1097 819 de
1134 747 1291 820 hoc.
1331 746 1536 821 Unde
1575 746 1780 821 dicit:
1823 770 1861 820 e
1902 751 2094 840 qual,
2136 747 2342 842 idest,
2389 748 2867 845 quicumque,

519 871 583 941 si
613 873 809 941 mette
829 860 958 958 pie)
996 868 1172 938 olere
1220 886 1269 937 a
1315 868 1670 957 quaretur,
1732 865 1825 940 de
1877 867 2038 961 hoc,
2091 888 2237 940 non
2280 870 2447 941 vede
2479 864 2629 961 pist,
2666 868 2870 964 idest,

521 1008 668 1061 non
701 985 1073 1081 cognoscit
1108 985 1290 1079 pluS,
1327 987 1495 1059 dale
1508 1006 1649 1058 uno
1680 989 1863 1078 stilo,
1902 987 2194 1081 scilicet,
2232 1009 2276 1063 a
2330 993 2459 1061 tuo
2510 988 2867 1062 moderno

523 1110 642 1189 all'
666 1110 880 1198 altro,
932 1105 1223 1199 scilicet,
1277 1111 1528 1179 nostro
1577 1106 1931 1200 antiqu03
1984 1112 2059 1181 et
2108 1106 2318 1182 dicit:
2370 1130 2407 1181 e
2458 1112 2660 1199 quasi
2699 1130 2870 1181 con-

524 1232 777 1301 tentato
825 1228 889 1299 si
936 1231 1199 1316 taceae,
1240 1225 1535 1319 scilicet,
1572 1226 1770 1319 quod
1822 1234 1974 1299 tam
2027 1227 2283 1322 pulcre
2323 1227 2705 1304 detexerat
2739 1248 2870 1303 ve-

526 1348 839 1422 ritatem.
891 1346 979 1418 Et
1029 1346 1145 1420 hic
1196 1353 1368 1421 nota
1421 1352 1783 1440 quantum
1826 1354 2041 1442 poeta
2094 1355 2341 1422 noster
2391 1350 2578 1423 hanc
2631 1355 2870 1424 mate-

526 1469 712 1541 riam
762 1466 1050 1540 bassam
1104 1465 1537 1539 exaltaverit
1589 1472 1663 1540 et
1715 1467 2070 1541 velaverit
2112 1467 2356 1542 verbis
2390 1489 2538 1542 non
2570 1469 2866 1563 apertis.

522 1628 622 1641 —
653 1590 875 1659 Come.
911 1585 1042 1660 Hic
1080 1591 1293 1679 poeta
1346 1585 1547 1659 finita
1600 1585 1724 1659 tali
1777 1587 2108 1681 materia,
2163 1608 2539 1662 recessum
2592 1588 2871 1663 descri-

521 1707 627 1781 bit
675 1707 968 1780 illarum
1026 1705 1448 1779 animarum
1514 1725 1647 1800 per
1712 1727 1940 1780 unam
2006 1706 2631 1801 comparationem
2695 1707 2867 1781 satis

521 1828 820 1919 claram,
873 1824 1154 1898 dicens:
1221 1831 1420 1898 Tucca
1470 1828 1545 1898 la
1592 1834 1790 1916 yeme
1840 1828 1961 1897 che
2011 1817 2060 1899 ll
2107 1847 2262 1918 em,
2308 1826 2600 1920 scilicet,
2653 1826 2869 1922 gulo-

521 1966 801 2037 sorum,
860 1963 1030 2038 quae
1090 1951 1251 2018 erat
1311 1945 1530 2019 turba
1588 1945 1760 2019 satis
1819 1965 2115 2042 magna,
2166 1948 2507 2036 volqendo
2566 1949 2621 2019 il
2683 1948 2858 2040 vise,

521 2085 745 2159 quem
798 2064 1002 2159 prius
1066 2064 1360 2138 tenebat
1412 2063 1645 2139 fixum
1708 2064 1783 2137 in
1834 2085 1979 2158 me,
2042 2056 2366 2157 ram-ecto
2429 2086 2556 2138 suo
2608 2086 2859 2157 passe,

517 2183 1050 2259 festinaverunt
1101 2189 1413 2275 tantum,
1450 2191 1813 2278 quantum
1857 2185 2416 2260 retardaverant
2464 2184 2557 2260 ad
2608 2185 2864 2260 viden-

520 2303 696 2377 dum
752 2304 1061 2377 Dantem
1132 2303 1412 2397 vivum,
1473 2303 1650 2377 dum
1715 2304 2157 2397 loquebatur
2207 2325 2377 2379 cum
2432 2304 2731 2379 Foresio
2791 2312 2866 2380 et
2947 2351 2955 2359 ·

520 2423 982 2519 Bonagiunta
1007 2448 1024 2496 :
1050 2423 1196 2528 „5¹¹³
1246 2423 1408 2499 dico
1457 2444 1662 2519 genS,
1714 2428 1999 2515 leqqera
2039 2447 2179 2517 per
2229 2445 2619 2517 maqrezza
2656 2448 2694 2498 e
2733 2448 2867 2519 per

525 2546 784 2634 volere,
820 2543 990 2637 quia
1030 2543 1340 2618 libenter
1374 2543 1776 2618 currebant
1800 2543 1893 2618 ad
1920 2545 2459 2641 purgationem,
2494 2538 2637 2619 cosi
2670 2566 2863 2619 come

521 2666 627 2755 qli
676 2666 904 2755 auyei,
955 2663 1246 2758 scilicet,
1298 2684 1550 2759 grues,
1605 2665 1724 2737 che
1774 2685 2045 2738 vernan
2098 2667 2308 2756 lunyo
2332 2668 2384 2737 ’l
2429 2669 2618 2757 Nile,
2653 2665 2859 2760 idest,

522 2783 874 2879 hyemant
949 2783 1022 2856 in
1082 2784 1397 2879 AEgypto
1460 2804 1594 2877 per
1671 2805 1897 2877 quam
1972 2782 2244 2857 labitur
2311 2783 2537 2878 Nilus,
2602 2787 2868 2857 alcuna

522 2907 708 2977 volta
757 2906 834 2977 di
879 2926 953 2976 se
997 2907 1223 2997 fanno
1272 2906 1572 2995 schiera,
1607 2924 1779 2979 cum
1826 2924 2101 3000 magno
2153 2903 2432 2998 ordine,
2480 2908 2605 2997 poi
2652 2908 2867 2980 volan

510 3020 636 3117 piel
670 3027 745 3097 in
772 3027 986 3117 frena
1019 3047 1056 3099 e
1088 3045 1323 3098 vanno
1356 3028 1432 3097 in
1458 3026 1603 3117 file.
1650 3026 1736 3098 Et
1787 3030 1960 3098 nota
2003 3023 2200 3118 quod
2252 3026 2704 3119 comparatio
2757 3034 2868 3102 est

520 3144 732 3219 valde
791 3145 1086 3240 propria
1151 3144 1245 3219 de
1305 3145 1695 3219 animabus
1759 3144 2043 3218 levibus
2092 3143 2186 3218 ad
2249 3145 2432 3219 aves
2487 3147 2855 3222 volantes:

521 3264 707 3338 sicut
756 3265 955 3338 enim
1005 3285 1231 3361 grues
1281 3285 1453 3339 cum
1511 3284 1782 3359 magno
1834 3263 2092 3338 ordine
2143 3264 2439 3338 solicitae
2488 3265 2581 3339 de
2631 3266 2867 3343 salute

522 3408 656 3462 sua
709 3387 985 3460 faciunt
1035 3386 1127 3460 de
1179 3405 1260 3459 se
1311 3391 1590 3460 rectam
1641 3383 1935 3478 lineam,
1988 3384 2285 3478 quando
2339 3391 2720 3460 transeunt
2769 3386 2864 3463 de

523 3507 825 3581 Thracia
878 3505 1177 3602 regione
1229 3504 1486 3601 frigida
1536 3505 1611 3577 in
1651 3504 2048 3600 AEgyptum
2095 3505 2474 3600 regionem
2511 3506 2864 3600 calidam;

524 3626 622 3699 ita
676 3631 875 3701 recte
924 3625 1188 3700 animae
1240 3625 1394 3698 istae
1445 3624 1678 3698 avidae
1730 3644 1884 3697 suae
1944 3624 2397 3720 purgationis
2449 3625 2725 3700 faciunt
2775 3627 2865 3702 de

526 3767 605 3822 se
639 3748 934 3842 longam
971 3750 1045 3821 et
1076 3745 1485 3820 ordinatam
1521 3744 1780 3838 aciem,
1816 3744 2113 3838 quando
2147 3746 2398 3819 volant
2448 3766 2579 3841 per
2621 3746 2864 3820 circu-

524 3866 675 3940 lum
732 3865 1098 3961 frigidum,
1150 3864 1277 3938 ubi
1346 3869 1518 3938 sunt
1567 3884 1788 3959 poma
1841 3863 2122 3960 frigida,
2184 3870 2258 3938 et
2323 3885 2520 3959 aqua
2578 3865 2864 3961 frigida,

525 3987 1005 4082 temperantia
1057 3986 1351 4080 cibaria,
1388 3993 1463 4060 et
1498 3985 1664 4060 vina
1701 3985 1956 4078 calida,
1995 4005 2252 4059 versus
2286 3984 2648 4060 circulum
2686 3986 2862 4061 cali-

522 4108 723 4203 dum,
776 4108 905 4181 ubi
956 4113 1066 4181 est
1116 4106 1298 4202 ignis
1349 4127 1673 4202 purgans
1720 4104 2175 4179 luxuriosos:
2213 4104 2473 4180 deinde
2505 4105 2752 4181 volant
2786 4099 2859 4200 (⁴)

521 4247 778 4303 versus
805 4227 1166 4302 circulum
1192 4246 1622 4320 avarorum,
1651 4246 1976 4319 quorum
2005 4225 2210 4321 regio
2239 4231 2347 4300 est
2373 4225 2858 4323 frigidissima,

521 4348 707 4424 sicut
755 4368 981 4444 grues
1033 4346 1361 4421 similiter
1408 4351 1891 4421 revertuntur
1934 4346 2028 4420 ad
2076 4346 2453 4444 regionem
2500 4347 2863 4444 frigidam.

651 4608 707 4673 (¹)
739 4609 801 4659 E.
836 4608 1086 4660 revolant.
