3734 5567
1379 517 1655 571 CAN‘rus
1703 516 2039 583 anrus.
2735 509 2876 574 407

528 672 733 740 ctum
778 670 959 739 erat.
997 664 1184 738 Nota
1220 663 1441 738 etiam
1477 663 1675 757 quod
1711 663 1905 757 Papa
1956 669 2192 758 potest
2243 665 2489 739 omnia
2542 673 2617 740 et
2667 687 2877 760 quae-

533 786 703 860 dam
754 785 918 858 alia.
2134 861 2141 872 ,

681 912 843 981 Νοη
887 906 1283 998 ρνεηάαηο.
1337 904 1479 978 Ista
1529 909 1643 978 est
1693 903 1905 978 tertia
1958 924 2128 998 pars
2178 905 2541 1000 generalis
2592 906 2665 979 in
2729 927 2877 1001 qua

532 1027 825 1103 Beatrix
877 1027 1001 1101 dat
1045 1047 1280 1099 unum
1317 1024 1677 1121 optimum
1713 1024 2268 1117 documentum,
2306 1025 2710 1101 admonens
2744 1049 2881 1102 nos

533 1169 628 1223 ne
677 1147 906 1221 simus
957 1144 1190 1220 festini
1251 1145 1369 1219 vel
1429 1142 1816 1238 improvidi
1880 1144 2074 1217 circa
2141 1150 2396 1216 votum
2456 1144 2876 1223 ,faciendum

532 1266 797 1362 duplici
851 1266 1210 1359 exemplo.
1267 1263 1374 1337 Ad
1424 1262 1640 1358 primi
1692 1261 2239 1357 intelligentiam
2306 1268 2417 1336 est
2475 1264 2878 1360 sciendum,

534 1388 732 1484 quod
776 1387 962 1464 sicut
994 1391 1194 1480 patet
1228 1385 1415 1459 libro
1451 1384 1814 1477 Judicum,
1851 1384 2164 1478 populus
2198 1384 2421 1458 Israel
2461 1386 2552 1459 ad
2590 1392 2880 1481 tempus

534 1507 670 1581 fuit
734 1507 1187 1603 gubernatus
1250 1525 1381 1599 per
1439 1502 1728 1599 judices
1759 1494 1834 1595 (¹)
1901 1511 2223 1597 quatuor
2283 1511 2680 1600 antequam
2747 1527 2882 1602 per

537 1647 770 1724 reges,
824 1626 1019 1700 lnter
1069 1624 1250 1699 alios
1300 1629 1552 1698 autem
1606 1623 1743 1696 fuit
1784 1644 1979 1696 unus
2018 1631 2322 1699 vocatus
2374 1625 2522 1699 Jair
2573 1626 2666 1700 de
2706 1626 2886 1699 civi-

536 1753 686 1822 tate
736 1745 1029 1837 Galaad,
1066 1745 1194 1840 qui
1236 1743 1490 1817 habuit
1533 1743 1825 1838 triginta
1865 1742 2047 1816 filios
2098 1764 2191 1817 ex
2246 1765 2503 1839 uxore,
2542 1753 2615 1820 et
2649 1747 2875 1820 alium

538 1887 628 1942 ex
659 1867 1048 1941 meretrice
1074 1865 1371 1939 nomine
1399 1865 1731 1960 Jephthe,
1762 1884 1987 1958 quem
2017 1863 2282 1939 fratres
2308 1865 2685 1940 eiecerunt
2711 1867 2883 1962 quia

538 2008 684 2061 non
726 1994 887 2062 erat
937 1987 1342 2082 legitimus3
1380 1987 1497 2060 vel
1535 1984 1808 2078 verius,
1844 1984 2016 2079 quia
2070 1984 2423 2060 timebant
2472 2006 2675 2081 eum,
2709 2007 2884 2062 cum

539 2115 729 2183 esset
779 2108 893 2181 vir
942 2107 1378 2181 fortissimus
1430 2111 1503 2180 et
1569 2111 1958 2201 pugnator,
2013 2104 2138 2198 qui
2200 2107 2672 2202 congregavit
2725 2128 2886 2182 ma·-

536 2249 756 2325 gnam
826 2228 1120 2301 turbam
1189 2246 1605 2323 pauperum
1675 2230 1750 2300 et
1812 2226 2207 2298 latronum.
2277 2227 2564 2300 Mortuo
2632 2234 2884 2301 autem

538 2355 747 2444 patre
781 2348 901 2421 filii
936 2348 1183 2441 Israel,
1219 2353 1518 2442 propter
1552 2366 1742 2420 nova
1783 2352 2083 2438 peccata
2117 2344 2494 2440 idolatriae‚
2530 2366 2701 2419 cum
2738 2368 2887 2421 non

543 2475 835 2563 possent
871 2468 1209 2542 resistere
1243 2465 1678 2541 adversariis
1713 2467 2101 2561 elegerunt
2136 2466 2443 2559 Jephthe
2485 2466 2883 2561 principem

545 2607 833 2661 eorum.
865 2588 1169 2683 Jephthe
1195 2608 1374 2683 ergo
1411 2586 1649 2659 iturus
1684 2595 1938 2660 contra
1968 2587 2209 2660 hostes
2243 2586 2410 2660 fecit
2446 2593 2702 2660 votum
2740 2588 2886 2661 Do-

545 2707 744 2780 mino
797 2706 993 2800 quod
1044 2707 1102 2780 si
1155 2706 1517 2780 obtineret
1567 2706 1974 2799 victoriam,
2027 2706 2101 2778 in
2154 2706 2385 2780 reditu
2444 2705 2717 2780 faceret
2773 2727 2893 2780 sa-

545 2826 901 2901 crificium
968 2828 1059 2901 de
1119 2813 1210 2902 eo
1272 2827 1469 2921 quod
1533 2834 1963 2901 occurreret
2013 2826 2144 2900 sibi
2216 2827 2289 2900 in
2351 2833 2559 2921 porta
2624 2827 2890 2901 domus

543 2970 722 3023 suae.
752 2948 1058 3042 Jephthe
1092 2968 1273 3043 ergo
1301 2947 1535 3021 victor
1571 2947 1894 3020 hostium
1929 2968 2252 3042 quorum
2282 2946 2531 3043 viginti
2562 2946 2890 3022 civitates

544 3075 1005 3164 oppresserat
1055 3088 1149 3142 ex
1204 3067 1363 3140 filiis
1415 3066 1651 3140 Arnon
1704 3087 1875 3140 cum
1934 3067 2204 3142 rediret
2260 3088 2433 3141 cum
2498 3066 2898 3161 triumpho,

546 3187 871 3263 occurrit
923 3188 1160 3282 primo
1212 3186 1344 3260 sibi
1399 3186 1774 3282 unigenita
1829 3187 1972 3261 filia
2036 3207 2208 3260 cum
2273 3208 2454 3261 sono
2514 3191 2588 3261 et
2648 3194 2892 3261 cantu.

544 3309 708 3396 Qua
761 3308 909 3383 visa
962 3307 1192 3381 doluit
1229 3307 1482 3399 nimis3
1518 3307 1643 3379 sed
1680 3307 1922 3404 pnella
1958 3327 2106 3380 non
2141 3307 2507 3381 recusavit
2542 3305 2699 3380 fieri
2740 3307 2892 3380 vic-

554 3429 770 3523 tima3
822 3428 1026 3524 petiit
1075 3434 1324 3501 tamen
1367 3435 1448 3500 ut
1484 3427 1773 3500 duobus
1817 3428 2193 3501 mensibus
2237 3428 2377 3502 iret
2428 3448 2558 3522 per
2612 3432 2898 3501 montes

553 3549 996 3645 deplorando
1026 3569 1237 3621 suam
1268 3547 1799 3643 virginitatem3
1829 3569 1978 3641 quo
2024 3549 2212 3623 sacto
2240 3556 2448 3643 pater
2490 3548 2898 3623 immolavit

553 3690 742 3745 eam.
781 3671 868 3742 Et
907 3669 1211 3762 Jephthe
1244 3668 1599 3762 judicavit
1631 3668 1854 3742 Israel
1895 3689 2025 3743 sex
2070 3669 2297 3742 annis,
2334 3669 2544 3742 Nunc
2583 3669 2677 3743 ad
2732 3669 2891 3744 lite-

553 3812 714 3865 ram
750 3790 920 3865 dicit
953 3787 1286 3862 Beatrix:
1326 3793 1485 3860 Non
1513 3791 1890 3880 prendano
1937 3792 1966 3862 i
2015 3791 2301 3861 mortali
2337 3790 2392 3860 il
2425 3795 2583 3860 voco
2615 3808 2665 3859 a
2698 3791 2897 3860 cian-

551 3915 687 4004 σία,
729 3911 933 4002 idest,
971 3930 1106 4005 pro
1142 3907 1387 4002 trulla,
1425 3908 1596 4002 quia
1632 3916 1740 3982 est
1777 3929 1896 3983 res
1931 3908 2202 4004 graviS,
2242 3909 2429 3982 imo:
2464 3910 2636 3982 siate
2661 3911 2897 4001 fedeli,

557 4051 685 4106 vos
738 4030 1094 4122 homines,
1146 4035 1213 4101 et
1258 4051 1306 4100 a
1356 4020 1463 4101 cio
1507 4032 1634 4122 far
1681 4049 1826 4101 non
1871 4030 2063 4118 bieci,
2099 4028 2301 4121 idest,
2340 4027 2723 4122 simpliceS‚
2760 4028 2901 4100 im-

556 4149 857 4243 providi,
894 4172 1086 4223 come
1111 4153 1193 4243 fu
1224 4153 1400 4243 Jesce
1433 4152 1580 4222 alla
1611 4170 1740 4222 sua
1771 4152 2011 4241 prima
2045 4152 2353 4240 mancia,
2382 4148 2588 4242 idest,
2625 4148 2905 4243 primo-

557 4270 821 4365 genitae
881 4270 1068 4365 filiae,
1137 4292 1312 4346 cum
1374 4275 1665 4345 careret
1724 4270 1925 4344 omni
1985 4271 2127 4343 alia
2188 4270 2435 4365 prole3
2495 4274 2607 4343 cui
2665 4266 2789 4363 pit)
2844 4274 2908 4343 si

557 4393 898 4463 convenia
945 4393 1176 4463 dicer.-
1227 4392 1376 4463 mal
1416 4392 1577 4483 feci,
1638 4389 1842 4482 idest,
1905 4389 2225 4484 peccavi,
2287 4389 2481 4463 male
2546 4389 2902 4482 vovendo,

683 4653 738 4716 (¹)
771 4657 818 4710 4,
845 4652 1064 4717 judices,
1096 4657 1152 4704 et
1181 4658 1473 4718 antequam.
