3734 5567
782 474 789 479 ‹
849 439 991 503 202
1561 444 1973 499 οοΜΕΝΤυΜ
2023 444 2466 499 PURGATORII

850 598 982 669 Poi
1027 596 1172 668 vidi
1218 599 1499 684 quatcro
1546 594 1621 663 in
1670 594 1876 664 umile
1902 598 2169 683 parata
2185 617 2216 684 ;
2258 590 2431 685 quia
2482 590 2536 663 si
2590 591 2865 664 Paulus
2916 592 3188 667 fecerat

848 713 1023 787 mihi
1076 713 1414 787 timorem
1471 731 1643 784 eum
1698 730 1896 804 ense,
1949 710 2064 784 isti
2129 710 2462 784 fecerunt
2527 710 2705 783 mihi
2754 731 2961 805 spem
3015 731 3184 786 cum

844 854 1083 930 penna
1134 830 1573 906 declarando
1627 830 1802 902 mihi
1842 830 2035 904 dieta
2076 830 2282 904 Pauli
2318 838 2392 904 et
2422 829 2737 904 aliarum
2789 831 3190 924 scriptura-

845 973 1037 1027 rum.
1090 953 1372 1027 Horum
1429 950 1710 1046 primus
1760 956 1873 1024 est
1922 949 2370 1046 Augustinus
2418 950 3065 1025 excellentissimus
3116 951 3189 1024 in

843 1072 1350 1168 disputatione,
1406 1070 1713 1143 malleus
1775 1069 2313 1143 haereticorum.
2382 1067 2763 1142 Secundus
2831 1070 3190 1166 Hierony-

847 1213 1016 1266 mus
1079 1192 1444 1266 excellens
1504 1190 1577 1262 in
1645 1189 1979 1282 historiis,
2033 1189 2157 1282 qui
2209 1189 2457 1264 omnia
2522 1189 2811 1264 novisse
2873 1189 3186 1264 videtur.

846 1312 1133 1386 Tertius
1181 1310 1610 1384 Ambrosius
1662 1316 1916 1404 potens
1968 1309 2501 1403 praedicatione.
2536 1309 2859 1396 Quartus
2907 1309 3191 1405 Grego-

848 1433 1004 1506 rius
1052 1432 1126 1505 in
1178 1430 1611 1505 moralitate.
1666 1410 1771 1503 na
1819 1429 2163 1502 omnibus
2224 1428 2373 1502 istis
2438 1429 2721 1502 dicetur
2785 1429 3066 1523 plenius
3117 1430 3189 1503 in

849 1550 1213 1625 paradiso,
1266 1550 1354 1622 Et
1406 1548 1664 1622 ultimo
1716 1553 1930 1642 poeta
1981 1546 2310 1621 nominat
2364 1568 2594 1621 unum
2643 1567 2922 1637 senem,
2961 1567 3186 1640 quem

850 1671 1055 1767 fingit
1121 1670 1374 1745 venire
1412 1660 1485 1760 (¹)
1552 1668 2066 1759 dormientem,
2136 1687 2358 1761 quem
2437 1667 2645 1739 multi
2711 1667 2961 1741 dicunt
3029 1687 3191 1742 esse

846 1790 1201 1864 Ioannem
1254 1788 1803 1883 evangelistam,
1840 1787 1966 1881 qui
2008 1786 2434 1860 obdormuit
2484 1807 2706 1880 supra
2758 1792 3012 1881 pectus
3046 1787 3191 1860 Do-

849 1908 1061 1981 mini:
1115 1908 1242 1983 sed
1292 1908 1431 1981 hoc
1481 1928 1631 1982 non
1682 1907 1973 1981 videtur
2022 1906 2486 2000 convenienS,
2541 1912 2700 1978 tum
2760 1905 2933 1997 quia
2985 1905 3192 1999 poni-

849 2036 973 2102 tur
1006 2034 1168 2123 post
1197 2027 1536 2101 doctores
1570 2047 1757 2120 quos
1792 2034 1993 2100 tanto
2028 2033 2364 2120 tempore
2398 2025 2786 2120 praecessit,
2822 2031 2982 2099 tum
3018 2020 3198 2119 quia

840 2147 1000 2241 jam
1053 2147 1328 2240 positus
1380 2152 1491 2220 est
1523 2165 1770 2240 supra,
1805 2152 1967 2218 tum
2013 2145 2184 2239 quia
2211 2145 2543 2239 iuvenis3
2579 2144 2704 2219 sed
2738 2144 2959 2219 eredo
2993 2144 3188 2238 quod

848 2266 1199 2359 loquatur
1257 2261 1370 2339 de'
1407 2264 1624 2339 beato
1685 2264 2081 2338 Bernardo.
2143 2263 2348 2338 Unde
2411 2264 2597 2337 sieut
2662 2265 2899 2357 posuit
2965 2285 3186 2361 supra

849 2385 1239 2458 Mathildim
1293 2385 1726 2458 modernam
1775 2404 1911 2479 pro
1949 2383 2094 2457 vita
2129 2383 2367 2458 activa
2403 2383 2475 2456 in
2516 2384 2849 2477 paradiso
2894 2384 3190 2460 delicia-

852 2524 1022 2576 rum
1076 2504 1151 2578 in
1200 2504 1345 2579 fine
1394 2504 1831 2600 Purgatorii,
1868 2503 1964 2576 ita
2008 2503 2207 2597 ponit
2247 2502 2701 2576 Bernardum
2747 2503 3186 2578 modernum

850 2642 984 2716 pro
1034 2623 1179 2698 vita
1215 2623 1778 2717 contemplativa
1812 2622 1887 2695 in
1922 2621 2067 2696 fine
2106 2620 2449 2727 Paradisi.
2487 2621 2607 2695 Isti
2643 2642 2825 2717 ergo
2871 2622 3192 2696 maxime

847 2741 1295 2816 conveniunt
1345 2763 1513 2835 quae
1564 2742 1682 2816 hic
1729 2741 1903 2815 dicit
1952 2749 2191 2836 poeta,
2225 2741 2399 2836 quia
2435 2740 2571 2814 fuit
2609 2760 2832 2815 senex
2877 2761 3190 2816 venera-

852 2860 1012 2934 bilis
1063 2867 1138 2935 et
1184 2861 1442 2935 doctor
1495 2881 1847 2957 magnus3
1883 2861 2048 2935 ideo
2094 2860 2335 2934 statim
2391 2860 2593 2955 ponit
2642 2880 2813 2935 eum
2867 2867 3026 2953 post
3059 2860 3191 2933 do-

849 2987 1111 3054 ctores.
1164 2981 1347 3055 Dicit
1396 3000 1617 3077 ergo:
1669 3003 1707 3053 e
1754 2983 2022 3054 direcro
2072 2983 2171 3054 da
2227 2983 2397 3074 tucci,
2447 2987 2607 3074 post
2645 2980 3002 3072 doctoreS,
3048 2982 3193 3053 vidi

855 3103 1051 3172 venir
1097 3122 1195 3174 un
1245 3105 1514 3174 vecchio
1561 3104 1739 3193 3010,
1799 3101 1973 3194 quia
2034 3100 2451 3175 Bernardus
2501 3100 2634 3173 fuit
2686 3100 2897 3175 valde
2949 3099 3195 3174 solita-

852 3218 1025 3313 rius,
1077 3221 1492 3312 dormendo,
1534 3218 1708 3311 quia
1743 3218 2352 3313 contemplativus
2405 3219 2642 3312 nimis,
2679 3240 2812 3292 oon
2847 3223 2920 3292 la
2962 3221 3193 3317 suecia

850 3344 1153 3430 ανῃαιας
1204 3336 1377 3429 quia
1428 3336 1565 3409 fuit
1613 3337 1858 3410 audax
1910 3338 2229 3411 multum
2282 3343 2536 3412 contra
2589 3338 2908 3431 vitiosos,
2947 3346 3029 3412 ut
3063 3359 3192 3434 pa-

852 3455 1031 3530 tebit
1081 3455 1401 3529 Paradisi
1457 3456 1880 3551 penultimo.
1915 3457 2050 3531 Alii
2101 3457 2322 3533 etiam
2376 3460 2634 3532 volunt
2685 3460 2880 3553 quod
2933 3461 3193 3553 loqua-

850 3581 974 3648 tur
1024 3575 1118 3650 de
1165 3576 1440 3651 Thoma
1492 3577 1586 3653 de
1645 3578 1958 3672 Aquino,
2009 3578 2137 3653 sed
2202 3598 2348 3652 non
2412 3577 2510 3653 ita
2573 3578 2766 3654 hene
2827 3578 3191 3673 eonvenit,

850 3696 1025 3790 quia
1065 3696 1360 3791 juvenis
1410 3697 1583 3791 fuit3
1635 3718 1773 3773 nec
1820 3698 2019 3772 dicas
2051 3698 2241 3772 sieut
2274 3698 2614 3792 quidam:
2653 3700 3025 3792 quomodo
3059 3719 3192 3793 po-

851 3816 957 3891 nit
1007 3817 1123 3893 hic
1173 3817 1630 3892 Bernardum
1685 3838 1908 3911 quem
1962 3817 2162 3912 ponit
2194 3817 2269 3891 in
2310 3817 2698 3911 paradiso?
2743 3818 2917 3911 quia
2953 3817 3188 3892 etiam

851 3937 924 4011 in
974 3936 1309 4031 paradiso
1350 3937 1551 4031 ponit
1582 3938 1913 4031 Petrum,
1954 3938 2268 4011 Paulum
2304 3943 2381 4011 et
2415 3937 2814 4012 loannem:
2851 3936 2967 4011 hie
3010 3957 3191 4032 ergo

852 4057 1048 4152 ponit
1097 4079 1228 4132 eos
1275 4057 1351 4130 in
1402 4058 1705 4133 ecclesia
1757 4057 2135 4151 militante,
2171 4057 2269 4131 ihi
2322 4077 2501 4132 vero
2550 4058 2624 4131 in
2669 4058 3187 4153 triumphante·

846 4216 944 4233 --
976 4180 1224 4264 Quesh‘.
1277 4177 1410 4250 Hic
1458 4183 1671 4272 poeta
1705 4176 1909 4272 ponit
1941 4175 2528 4252 convenientiam
2579 4182 2657 4251 et
2704 4176 3188 4253 differentiam

849 4294 1136 4371 habitus
1186 4296 1495 4369 istorum
1547 4296 1642 4371 ad
1692 4297 1991 4391 primos,
2039 4295 2327 4371 dicens:
2383 4300 2602 4388 questi
2655 4305 2842 4390 seue,
2899 4297 3189 4390 scilieet,

975 4551 1033 4616 (³)
1064 4552 1126 4604 Β.
1158 4553 1408 4604 invenire.
