3734 5567
892 482 1033 550 320
1677 494 2085 549 commun
2137 496 2470 549 rAaAms1

889 661 1068 713 num
1123 645 1195 714 et
1246 638 1657 711 maximum
1710 639 1989 713 lumen.
2043 638 2246 714 Unde
2283 638 2484 713 dicit:
2540 641 2825 732 quando
2877 642 2951 712 la
2999 646 3235 731 ructa,

885 760 1091 852 idest,
1145 779 1358 853 spera
1393 759 1583 852 coeli,
1619 757 1817 852 quod
1869 765 1950 831 tu
1979 750 2054 850 (⁴)
2110 758 2553 833 aeternaliter
2603 764 2679 832 et
2728 779 3024 854 semper
3076 779 3239 833 mo-

885 901 1014 956 ves
1063 885 1138 955 et
1188 880 1403 977 regiS,
1442 886 1547 973 tu,
1583 878 1769 973 dico,
1803 881 2223 973 desiderato,
2264 900 2310 954 a
2360 879 2627 954 sanctis
2679 885 2756 954 et
2804 879 3077 973 beatis3
3121 879 3238 954 vel

883 1001 999 1076 dic
1046 1000 1333 1094 meliuS,
1387 998 1584 1094 quod
1627 998 1959 1093 loquitur
1997 999 2316 1097 physice,
2352 999 2647 1093 scilicet,
2675 1000 2874 1095 quod
2911 1000 3234 1094 primum

884 1141 1190 1197 movens
1259 1126 1509 1195 movet
1577 1125 1961 1213 tamquam
2024 1126 2361 1195 amatum
2425 1128 2500 1195 et
2561 1120 3084 1215 desideratum,
3138 1123 3233 1194 mi

878 1247 1025 1337 fece
1072 1247 1313 1333 anese,
1348 1239 1554 1333 idest,
1589 1245 1980 1334 attentum,
2033 1261 2083 1312 a
2128 1236 2230 1331 εδ,
2280 1239 2486 1335 idest,
2530 1239 2623 1315 ad
2675 1239 2905 1335 ipsam
2962 1246 3235 1336 rotam3

884 1367 959 1437 et
1008 1380 1183 1435 ecce
1232 1358 1643 1454 quomodo:
1705 1380 1839 1432 con
1906 1362 1951 1432 l'
1977 1362 2338 1450 armonia,
2389 1359 2594 1454 idest,
2660 1359 3002 1453 melodia,
3065 1379 3234 1454 quae

884 1487 1235 1556 causatur
1285 1500 1331 1554 a
1382 1486 1591 1554 motu
1641 1479 1831 1573 coeli,
1884 1482 2005 1553 che
2052 1481 2341 1572 temperi
2399 1500 2436 1552 e
2494 1481 2826 1572 discerni,
2877 1480 3067 1554 inter
3131 1486 3240 1555 tot

883 1621 1134 1697 speras
1187 1601 1512 1675 diversas
1561 1599 2218 1695 correspondentes
2267 1598 2361 1674 ad
2411 1619 2493 1674 se
2541 1599 2880 1674 invicem.
2926 1601 3052 1673 Est
3099 1621 3239 1675 au-

880 1728 1035 1797 tem
1092 1721 1210 1795 hic
1258 1719 1662 1796 notandum
1716 1718 2263 1814 delectabiliter,
2301 1718 2497 1814 quod
2534 1718 2727 1793 ultra
2769 1739 2858 1793 ea
2892 1740 3062 1813 quae
3100 1720 3241 1793 mi-

884 1842 1141 1917 rabilia
1192 1841 1443 1936 scripsi
1496 1840 1912 1936 Purgatorii
1964 1839 2284 1937 capitulo
2331 1840 2394 1912 ΙΙ
2443 1838 2536 1914 de
2584 1840 2905 1935 potentia
2952 1848 3025 1914 et
3076 1842 3238 1916 effi-

884 1961 1089 2035 cacia
1156 1959 1456 2034 musicae
1508 1959 1582 2034 in
1646 1959 1927 2034 bonum
1987 1965 2063 2034 et
2125 1959 2197 2033 in
2257 1960 2565 2053 malum,
2617 1960 2905 2035 maiora
2962 1966 3239 2035 restant

886 2078 1214 2154 dicenda.
1269 2078 1539 2152 Musica
1591 2077 1790 2151 enim
1839 2077 2108 2152 dicitur
2158 2098 2319 2154 esse
2383 2079 2462 2153 in
2527 2100 2796 2155 novem
2863 2080 3239 2156 ordinibus

889 2199 1356 2294 angelorum,
1394 2196 1521 2292 qui
1561 2203 1861 2273 cantare
1895 2218 2044 2272 non
2078 2205 2364 2274 cessant
2398 2199 2473 2272 in
2509 2219 2777 2274 novem
2815 2199 3047 2295 speris
3082 2220 3237 2275 coe-

891 2319 1160 2412 lorum,
1190 2337 1359 2411 quae
1384 2324 1594 2392 motu
1623 2338 1762 2392 suo
1788 2316 2069 2392 faciunt
2101 2317 2514 2393 mirabilem
2552 2319 3040 2394 harmoniam.
3083 2321 3244 2394 Mu-

893 2437 1042 2512 sica
1097 2443 1347 2512 movet
1393 2442 1469 2511 et
1515 2436 1829 2511 delectat
1887 2436 2135 2512 omnia
2198 2437 2589 2513 animalia:
2642 2438 2980 2513 videmus
3039 2440 3236 2515 enim

889 2555 984 2630 de
1041 2555 1231 2630 facto
1297 2555 1496 2650 quod
1563 2554 1739 2650 equi
1807 2555 2045 2652 magis
2117 2555 2625 2631 accenduntur
2692 2563 2769 2632 et
2825 2559 3239 2635 exultantes

897 2675 1083 2750 fiunt
1130 2674 1609 2750 animosiores
1661 2674 1735 2748 in
1785 2676 2063 2770 proeliis
2120 2674 2500 2750 audientes
2556 2696 2824 2750 sonum
2883 2675 3234 2751 tubarum

890 2803 967 2870 et
1013 2795 1329 2871 aliorum
1387 2795 2078 2870 instrumentorum.
2134 2795 2408 2869 Musica
2466 2794 2792 2870 maxime
2851 2801 3113 2893 regnat
3164 2796 3237 2870 in

889 2914 1149 2990 avibus
1199 2914 1583 3008 nobilibus,
1624 2919 1709 2986 ut
1757 2912 1851 2988 de
1900 2934 1982 2989 se
2030 2919 2252 3009 patet.
2287 2913 2610 2989 Dulcedo
2659 2914 2881 2989 etiam
2936 2915 3238 2990 musicae

893 3035 1126 3132 tangit
1188 3034 1441 3130 pisceS,
1494 3034 1683 3109 sicut
1759 3040 2109 3109 narratur
2184 3034 2277 3109 de
2350 3034 2687 3130 delphine
2744 3035 3054 3130 Arionis,
3109 3035 3239 3130 qui

893 3154 1117 3229 Arion
1170 3160 1321 3228 tam
1376 3152 1806 3228 mirabiliter
1855 3154 2177 3229 cantavit
2238 3173 2411 3228 cum
2462 3155 2619 3251 lyra
2679 3154 2753 3228 in
2818 3155 2990 3231 navi
3042 3155 3241 3250 quod

891 3272 1181 3368 delphin
1232 3272 1531 3347 veniens
1579 3271 1675 3347 ad
1723 3272 2017 3348 dulcem
2070 3294 2337 3348 sonum
2379 3274 2652 3370 recepit
2691 3295 2869 3349 eum
2913 3275 2988 3349 in
3025 3280 3237 3371 tergo

892 3413 1030 3468 suo
1081 3398 1157 3467 et
1203 3390 1649 3466 incolumem
1702 3392 2019 3486 portavit
2069 3393 2162 3467 ad
2215 3393 2408 3488 litus,
2444 3394 2634 3469 sicut
2666 3401 2974 3470 narrant
3028 3393 3240 3468 multi

893 3533 1040 3587 non
1093 3512 1334 3586 solum
1369 3516 1629 3606 poetae,
1669 3509 1797 3585 sed
1832 3511 2056 3586 etiam
2097 3513 2677 3611 historiographi,
2714 3515 2903 3590 sicut
2943 3515 3241 3590 Ovidius

892 3630 1076 3705 libro
1127 3630 1538 3724 Fastorum,
1592 3630 2045 3727 Augustinus
2103 3630 2177 3705 in
2239 3632 2334 3708 de
2399 3632 2706 3710 Civitate
2755 3635 2912 3731 Dei,
2963 3635 3242 3709 Tullius

893 3760 969 3829 et
1029 3753 1439 3828 Herodotus
1506 3771 1819 3846 magnus
1889 3751 2243 3848 magister
2309 3773 2574 3849 graecae
2651 3754 2991 3830 historiae.
3054 3753 3241 3843 Quid

894 3895 1076 3972 ergo
1110 3874 1473 3948 miramur
1504 3871 1564 3946 si
1600 3872 1881 3946 musica
1906 3871 2328 3947 dominatur
2362 3872 2435 3945 in
2468 3872 2889 3947 hominibus
2916 3881 2992 3948 et
3022 3895 3243 3949 exer-

894 4002 1104 4070 cetur
1155 3995 1229 4068 in
1277 3992 1585 4069 divinis?
1632 3992 1891 4067 Nonne
1917 3983 1994 4085 (²)
2029 3991 2103 4066 in
2155 3992 2277 4066 illo
2338 3993 2611 4087 templo
2661 3992 2984 4067 mirabili
3035 3993 3245 4068 Salo-

891 4114 1153 4208 moniS,
1197 4112 1391 4207 quod
1428 4111 1785 4186 Dominus
1820 4109 1954 4184 sibi
1989 4110 2329 4186 aedificari
2366 4110 2533 4186 fecit
2572 4116 2775 4185 tanto
2828 4118 3131 4208 sumptu
3169 4117 3244 4187 et

896 4239 1252 4328 tempore,
1279 4253 1571 4327 semper
1606 4232 1910 4307 fuerunt
1945 4230 2358 4306 sacerdotes
2390 4230 2846 4307 celebrantes
2884 4232 3242 4308 solemnia

895 4372 1066 4427 cum
1138 4352 1583 4445 cantoribus,
1640 4350 1960 4443 cithariS,
2027 4350 2343 4447 organiS‚
2395 4357 2471 4425 et
2531 4351 2689 4426 aliis
2727 4351 3055 4428 musicis
3127 4352 3243 4440 in-

1020 4611 1079 4675 (¹)
1111 4611 1173 4663 Ε.
1209 4617 1267 4663 tu
1298 4612 1439 4663 Deus
1468 4611 1799 4664 eternaliter.
2301 4611 2358 4676 (¹)
2389 4613 2451 4664 E.
2484 4613 2710 4666 Numae.
