3734 5567
1371 504 1651 561 CANTUs
1703 507 1988 561 nmmos,
2705 495 2845 563 317

501 654 803 751 inguine
828 654 1038 747 infra,
1065 660 1141 726 et
1166 652 1507 747 precibus
1542 650 1854 727 deorum
1890 652 2353 726 marinorum
2388 653 2581 726 lotus
2611 651 2849 747 primo

501 776 735 849 multa
785 794 980 867 aqua
1015 771 1212 847 dulci
1247 771 1642 846 fluviorum
1680 772 1913 846 factus
1948 778 2060 847 est
2092 770 2272 846 deus
2309 773 2641 847 marinus
2680 794 2852 846 mu-

502 901 653 969 tata
705 894 776 967 in
839 891 1103 967 melius
1154 891 1356 966 omni
1404 891 1642 986 prima
1693 891 1954 988 figura.
2010 892 2163 965 Hac
2200 892 2421 968 ⁴brevi
2471 892 2846 987 praemissa

504 1015 790 1107 fabella,
825 1034 1022 1088 nunc
1072 1012 1474 1106 considera,
1513 1013 1764 1107 lector,
1801 1018 2163 1107 quantum
2217 1013 2408 1087 bene
2444 1032 2852 1108 repraesen-

508 1142 613 1210 tet
662 1139 985 1209 mentem
1038 1131 1263 1207 nostri
1315 1132 1640 1206 autoris:
1694 1153 1867 1205 nam
1920 1132 2242 1207 Glaucus
2291 1132 2608 1227 piscator
2660 1123 2851 1228 figu-

507 1253 762 1328 raliter
810 1257 920 1326 est
970 1258 1185 1347 poeta
1224 1253 1518 1346 DanteS‚
1556 1251 1686 1346 qui
1717 1251 1840 1325 diu
1890 1251 2132 1326 suerat
2163 1251 2478 1347 piscatus
2530 1251 2605 1325 in
2655 1271 2850 1344 aqua

505 1371 767 1445 inferni
818 1377 892 1445 et
943 1370 1370 1467 purgatorii,
1425 1377 1498 1445 et
1548 1369 1841 1445 tandem
1898 1378 2337 1466 pervenerat
2396 1372 2490 1446 ad
2549 1377 2844 1467 pratum

505 1493 772 1584 virenS,
827 1490 954 1566 ubi
1004 1510 1388 1585 nunquam
1443 1491 1685 1566 fuerat
1734 1491 1922 1566 alius
1971 1499 2209 1587 poeta,
2251 1491 2525 1567 scilicet
2572 1491 2665 1566 ad
2717 1510 2851 1584 pa-

506 1612 832 1686 radisum
882 1611 1337 1705 deliciarum,
1380 1616 1456 1685 et
1495 1611 1591 1684 ibi
1644 1617 2025 1706 tamquam
2080 1612 2394 1707 piscator
2445 1612 2682 1686 bonus
2718 1632 2852 1705 po-

506 1738 757 1807 suerat
805 1731 1137 1805 homines
1188 1738 1438 1826 captos
1505 1752 1849 1807 sermone
1909 1751 2072 1826 suo,
2125 1731 2253 1827 qui
2285 1724 2357 1824 (¹)
2412 1731 2579 1806 facti
2631 1730 2846 1823 avidi,

502 1857 797 1947 gustata
846 1872 1036 1926 nova
1087 1851 1342 1946 herba,
1394 1852 1579 1927 idest
1628 1852 1984 1946 doctrina,
2030 1872 2198 1946 quae
2248 1852 2637 1945 hucusque
2687 1852 2850 1925 fue-

504 1977 622 2045 rat
660 1970 1004 2046 inviolata
1056 1982 1132 2048 et
1182 1972 1473 2066 intacta,
1512 1972 1974 2047 intraverunt
2024 1993 2274 2065 mare3
2310 1977 2385 2046 et
2417 1972 2569 2067 ipse
2609 1992 2850 2046 novus

501 2089 821 2166 Glaucus
874 2091 1125 2166 relicta
1179 2098 1377 2167 terra
1433 2113 1643 2167 more
1691 2092 1945 2166 Glauci
1994 2092 2232 2167 factus
2284 2098 2395 2166 est
2440 2091 2678 2187 primo
2729 2105 2869 2166 se-‘

502 2210 810 2305 mideuS‚
858 2217 933 2285 et
971 2211 1185 2305 plene
1235 2217 1308 2286 et
1357 2213 1679 2307 perfecte
1712 2213 1906 2287 lotus
1955 2212 2150 2286 dulci
2198 2233 2394 2306 aqua
2446 2212 2842 2286 fluviorum

505 2329 813 2424 paradisi
866 2329 1298 2404 deliciarum
1349 2330 1584 2406 factus
1632 2338 1745 2407 est
1792 2332 1978 2406 deus
2028 2332 2100 2406 in
2154 2352 2425 2428 magno
2477 2330 2667 2405 mari
2720 2353 2850 2427 pa·-

505 2449 722 2524 radisi
772 2470 947 2524 cum
996 2450 1154 2524 aliis
1203 2451 1434 2526 beatis
1483 2458 1768 2527 mutata
1821 2452 2061 2527 forma
2112 2451 2369 2546 primae
2432 2458 2716 2526 naturae
2769 2458 2844 2526 et

506 2569 707 2663 vitae3
760 2576 833 2644 et
886 2570 1010 2644 ubi
1061 2592 1287 2665 parva
1343 2572 1509 2646 navi
1560 2572 1915 2647 hactenus
1951 2577 2244 2667 ceperat
2281 2571 2513 2666 pisces
2554 2591 2844 2665 parvos,

503 2708 701 2763 nunc
751 2709 922 2763 cum
963 2710 1231 2785 magno
1268 2690 1579 2787 navigio,
1621 2691 1804 2766 idest
1852 2692 2001 2765 alto
2052 2690 2345 2787 ingenio
2379 2690 2604 2764 intrat
2638 2709 2847 2764 mare

502 2829 883 2905 magnum,
937 2809 1142 2904 idest,
1196 2811 1633 2905 profundam
1693 2810 2106 2905 materiam,
2166 2811 2241 2884 in
2299 2830 2448 2904 quo
2500 2808 2691 2904 capit
2741 2809 2851 2904 pi-

501 2948 662 3003 sces
721 2949 1056 3026 magnOS,
1118 2930 1302 3005 idest
1363 2930 1693 3005 homines
1753 2930 2134 3026 sapientes,
2197 2929 2383 3004 sicut
2452 2929 2606 3023 ipse
2678 2949 2853 3024 pro-

503 3053 816 3123 testatur
845 3040 919 3142 (²)
979 3050 1054 3123 in
1103 3049 1453 3145 principio
1503 3050 1797 3145 capituli
1848 3049 2148 3125 secundi
2198 3049 2590 3143 sequentis.
2642 3048 2853 3122 Nunc

502 3165 596 3240 ad
658 3167 944 3242 literam
1005 3168 1176 3242 dicit
1236 3175 1495 3243 autor:
1556 3189 1697 3266 ego
1754 3171 2048 3264 DanteS,
2109 3172 2206 3244 mi
2259 3172 2357 3263 sei
2414 3171 2518 3241 tal
2573 3171 2847 3260 deutra,

505 3285 798 3380 scilicet,
842 3286 1235 3383 intellectu,
1271 3288 1444 3383 quia
1496 3289 1569 3362 in
1610 3309 1921 3384 corpore
1973 3295 2301 3362 mutatus
2354 3308 2500 3363 non
2553 3292 2686 3381 est,
2737 3289 2854 3360 nel

501 3426 631 3479 suo
703 3414 998 3501 aspecto,
1063 3408 1276 3502 idest,
1345 3409 1422 3482 in
1496 3408 1910 3505 aspectione
1984 3408 2361 3503 Beatricis,
2425 3411 2597 3501 qual
2655 3409 2720 3480 si
2776 3410 2850 3500 fe

510 3527 799 3617 Glauco,
834 3526 1145 3621 piscator
1181 3527 1532 3620 marinus,
1568 3530 1684 3600 nel
1725 3534 1976 3617 θυείαν
2024 3530 2178 3601 dell’
2191 3529 2389 3619 erba,
2440 3525 2721 3600 insolita
2773 3530 2849 3599 et

503 3644 839 3740 mirabili,
891 3648 1011 3720 che
1059 3649 1109 3719 'l
1172 3650 1246 3740 fe
1303 3655 1623 3720 consorte
1672 3649 1859 3739 deqlz‘
1905 3651 2075 3721 altri
2121 3650 2234 3721 dei
2278 3650 2353 3721 in
2404 3668 2624 3740 mar;
2677 3665 2847 3740 quae

498 3765 730 3841 herba
791 3765 958 3840 fecit
1033 3786 1208 3839 eum
1273 3766 1696 3863 participem
1756 3766 2143 3841 divinitatis
2209 3772 2284 3841 et
2342 3765 2850 3840 immortalita-

500 3885 608 3960 tis.
649 3913 749 3941 -ὸ
796 3891 1304 3960 Trasumanar.
1366 3886 1496 3961 Hic
1554 3893 1769 3982 poeta
1835 3886 2341 3982 superextollit
2397 3886 2585 3960 hanc
2634 3905 2847 3958 suam

500 4004 911 4080 mirabilem
979 4006 1690 4099 transmutationem,
1753 4027 1923 4101 quae
1990 4026 2136 4080 non
2204 4011 2442 4100 potest
2505 4024 2848 4078 sermone

503 4123 867 4219 explicari,
906 4146 1043 4200 nec
1092 4125 1251 4200 dari
1303 4124 1515 4200 alteri
1549 4125 1885 4222 intelligi3
1923 4132 1997 4200 et
2030 4123 2121 4199 ad
2156 4124 2375 4198 huius
2410 4124 2638 4198 literae
2673 4123 2848 4197 satis

502 4240 836 4316 obscurae
870 4243 1439 4321 declarationem
1467 4252 1578 4321 est
1604 4247 1842 4341 primo
1880 4244 2618 4341 praesupponendum,
2647 4245 2846 4340 quod

502 4359 789 4434 nullum
841 4362 1114 4438 animal
1162 4366 1235 4438 in
1287 4387 1545 4441 rerum
1587 4373 1855 4441 natura
1889 4371 2178 4440 tantum
2221 4366 2495 4441 recedit
2527 4371 2601 4440 et
2636 4367 2845 4440 elon-

629 4619 686 4684 (¹)
717 4625 764 4682 4,
797 4621 889 4686 qui
921 4622 1092 4672 statim
1126 4623 1267 4675 sacti.
1765 4624 1822 4689 (²)
1854 4631 1903 4689 h,
1940 4632 2176 4679 testatur.
