<?xml version="1.0" encoding="UTF-8"?>
<!DOCTYPE html PUBLIC "-//W3C//DTD XHTML 1.0 Transitional//EN"
    "http://www.w3.org/TR/xhtml1/DTD/xhtml1-transitional.dtd">
<html xmlns="http://www.w3.org/1999/xhtml" xml:lang="en" lang="en">
 <head>
  <title>
</title>
<meta http-equiv="Content-Type" content="text/html;charset=utf-8" />
  <meta name='ocr-system' content='tesseract 3.04.00' />
  <meta name='ocr-capabilities' content='ocr_page ocr_carea ocr_par ocr_line ocrx_word'/>
</head>
<body>
  <div class='ocr_page' id='page_1' title='image "benevenutideram02lacagoog_0218.png"; bbox 0 0 3734 5567; ppageno 0'>
   <div class='ocr_carea' id='block_1_1' title="bbox 843 472 2458 539">
    <p class='ocr_par' dir='ltr' id='par_1_1' title="bbox 843 472 2458 539">
     <span class='ocr_line' id='line_1_1' title="bbox 843 472 2458 539; baseline -0.004 -4"><span class='ocrx_word' id='word_1_1' title='bbox 843 472 984 538; x_wconf 83' lang='lat'>208</span> <span class='ocrx_word' id='word_1_2' title='bbox 1106 533 1112 539; x_wconf 81' lang='grc'><strong><em>,</em></strong></span> <span class='ocrx_word' id='word_1_3' title='bbox 1563 478 1970 534; x_wconf 67' lang='lat' dir='ltr'>commum</span> <span class='ocrx_word' id='word_1_4' title='bbox 2020 477 2458 533; x_wconf 72' lang='lat' dir='ltr'>PURGA&#39;ronu</span> 
     </span>
    </p>
   </div>
   <div class='ocr_carea' id='block_1_2' title="bbox 837 622 3194 4423">
    <p class='ocr_par' dir='ltr' id='par_1_2' title="bbox 837 622 3194 4423">
     <span class='ocr_line' id='line_1_2' title="bbox 839 622 3187 702; baseline -0.001 -3"><span class='ocrx_word' id='word_1_5' title='bbox 839 627 914 702; x_wconf 90' lang='lat' dir='ltr'>in</span> <span class='ocrx_word' id='word_1_6' title='bbox 965 627 1124 702; x_wconf 89' lang='lat' dir='ltr'>eius</span> <span class='ocrx_word' id='word_1_7' title='bbox 1176 626 1554 700; x_wconf 86' lang='lat' dir='ltr'>honorem.</span> <span class='ocrx_word' id='word_1_8' title='bbox 1611 622 1817 697; x_wconf 82' lang='lat' dir='ltr'>Unde</span> <span class='ocrx_word' id='word_1_9' title='bbox 1874 623 2080 697; x_wconf 89' lang='lat' dir='ltr'>dicit:</span> <span class='ocrx_word' id='word_1_10' title='bbox 2158 624 2334 695; x_wconf 72' lang='lat' dir='ltr'>Tulli</span> <span class='ocrx_word' id='word_1_11' title='bbox 2396 622 2725 695; x_wconf 81' lang='lat' dir='ltr'>dicevan:</span> <span class='ocrx_word' id='word_1_12' title='bbox 2785 625 3187 696; x_wconf 80' lang='lat' dir='ltr'><em>Benedictus</em></span> 
     </span>
     <span class='ocr_line' id='line_1_3' title="bbox 840 740 3183 838; baseline -0 -19"><span class='ocrx_word' id='word_1_13' title='bbox 840 750 960 838; x_wconf 81' lang='lat' dir='ltr'>qui</span> <span class='ocrx_word' id='word_1_14' title='bbox 1006 748 1197 819; x_wconf 78' lang='lat' dir='ltr'>venis</span> <span class='ocrx_word' id='word_1_15' title='bbox 1246 745 1321 817; x_wconf 90' lang='lat' dir='ltr'>in</span> <span class='ocrx_word' id='word_1_16' title='bbox 1354 743 1653 817; x_wconf 88' lang='lat' dir='ltr'>nomine</span> <span class='ocrx_word' id='word_1_17' title='bbox 1693 742 1983 817; x_wconf 87' lang='lat' dir='ltr'><strong>Domini</strong></span> <span class='ocrx_word' id='word_1_18' title='bbox 2019 747 2155 815; x_wconf 89' lang='lat' dir='ltr'>etc.</span> <span class='ocrx_word' id='word_1_19' title='bbox 2195 742 2283 813; x_wconf 95' lang='lat' dir='ltr'>Et</span> <span class='ocrx_word' id='word_1_20' title='bbox 2315 740 2519 814; x_wconf 88' lang='lat' dir='ltr'>dicit:</span> <span class='ocrx_word' id='word_1_21' title='bbox 2557 763 2595 813; x_wconf 83' lang='lat' dir='ltr'>e</span> <span class='ocrx_word' id='word_1_22' title='bbox 2628 744 2948 832; x_wconf 73' lang='lat' dir='ltr'>yitcando</span> <span class='ocrx_word' id='word_1_23' title='bbox 2990 745 3183 835; x_wconf 78' lang='lat' dir='ltr'>fiori,</span> 
     </span>
     <span class='ocr_line' id='line_1_4' title="bbox 840 861 3184 963; baseline -0.002 -25"><span class='ocrx_word' id='word_1_24' title='bbox 840 865 937 941; x_wconf 93' lang='lat' dir='ltr'>illi</span> <span class='ocrx_word' id='word_1_25' title='bbox 992 864 1254 961; x_wconf 86' lang='lat' dir='ltr'>angeli,</span> <span class='ocrx_word' id='word_1_26' title='bbox 1308 868 1584 963; x_wconf 77' lang='lat' dir='ltr'>repete,</span> <span class='ocrx_word' id='word_1_27' title='bbox 1633 861 1993 953; x_wconf 87' lang='lat' dir='ltr'>dicebant,</span> <span class='ocrx_word' id='word_1_28' title='bbox 2063 882 2109 933; x_wconf 90' lang='lat' dir='ltr'>o</span> <span class='ocrx_word' id='word_1_29' title='bbox 2156 862 2317 933; x_wconf 81' lang='lat' dir='ltr'>dale</span> <span class='ocrx_word' id='word_1_30' title='bbox 2375 862 2522 933; x_wconf 80' lang='lat' dir='ltr'>lilia</span> <span class='ocrx_word' id='word_1_31' title='bbox 2572 863 2798 952; x_wconf 79' lang='lat' dir='ltr'>plenis</span> <span class='ocrx_word' id='word_1_32' title='bbox 2847 862 3184 935; x_wconf 78' lang='lat' dir='ltr'>manibus.</span> 
     </span>
     <span class='ocr_line' id='line_1_5' title="bbox 837 980 3186 1078; baseline -0.001 -20"><span class='ocrx_word' id='word_1_33' title='bbox 837 984 945 1058; x_wconf 87' lang='lat' dir='ltr'>Ad</span> <span class='ocrx_word' id='word_1_34' title='bbox 997 984 1208 1059; x_wconf 89' lang='lat' dir='ltr'>cuius</span> <span class='ocrx_word' id='word_1_35' title='bbox 1258 983 1489 1058; x_wconf 84' lang='lat' dir='ltr'>literae</span> <span class='ocrx_word' id='word_1_36' title='bbox 1524 981 2073 1078; x_wconf 79' lang='lat' dir='ltr'>intelligentiam</span> <span class='ocrx_word' id='word_1_37' title='bbox 2109 980 2333 1055; x_wconf 87' lang='lat' dir='ltr'>debes</span> <span class='ocrx_word' id='word_1_38' title='bbox 2366 980 2555 1054; x_wconf 86' lang='lat' dir='ltr'>scire</span> <span class='ocrx_word' id='word_1_39' title='bbox 2590 980 2789 1074; x_wconf 91' lang='lat' dir='ltr'>quod</span> <span class='ocrx_word' id='word_1_40' title='bbox 2823 982 3010 1055; x_wconf 87' lang='lat' dir='ltr'>sieut</span> <span class='ocrx_word' id='word_1_41' title='bbox 3048 982 3186 1056; x_wconf 86' lang='lat' dir='ltr'>fin-</span> 
     </span>
     <span class='ocr_line' id='line_1_6' title="bbox 838 1100 3187 1201; baseline -0 -25"><span class='ocrx_word' id='word_1_42' title='bbox 838 1104 945 1201; x_wconf 85' lang='lat' dir='ltr'>git</span> <span class='ocrx_word' id='word_1_43' title='bbox 997 1103 1336 1200; x_wconf 85' lang='lat' dir='ltr'>Virgilius</span> <span class='ocrx_word' id='word_1_44' title='bbox 1387 1103 1478 1176; x_wconf 75' lang='lat' dir='ltr'>vl</span> <span class='ocrx_word' id='word_1_45' title='bbox 1528 1102 1862 1194; x_wconf 81' lang='lat' dir='ltr'>EneidoS,</span> <span class='ocrx_word' id='word_1_46' title='bbox 1914 1102 2149 1175; x_wconf 91' lang='lat' dir='ltr'>Eneas</span> <span class='ocrx_word' id='word_1_47' title='bbox 2183 1100 2448 1176; x_wconf 90' lang='lat' dir='ltr'>ductus</span> <span class='ocrx_word' id='word_1_48' title='bbox 2497 1101 2591 1174; x_wconf 94' lang='lat' dir='ltr'>ad</span> <span class='ocrx_word' id='word_1_49' title='bbox 2643 1101 3010 1176; x_wconf 87' lang='lat' dir='ltr'>infernum</span> <span class='ocrx_word' id='word_1_50' title='bbox 3056 1122 3187 1197; x_wconf 91' lang='lat' dir='ltr'>per</span> 
     </span>
     <span class='ocr_line' id='line_1_7' title="bbox 843 1216 3186 1319; baseline -0.001 -23"><span class='ocrx_word' id='word_1_51' title='bbox 843 1222 1189 1319; x_wconf 84' lang='lat' dir='ltr'>Sybillam</span> <span class='ocrx_word' id='word_1_52' title='bbox 1256 1221 1551 1316; x_wconf 90' lang='lat' dir='ltr'>reperiit</span> <span class='ocrx_word' id='word_1_53' title='bbox 1629 1221 1703 1294; x_wconf 86' lang='lat' dir='ltr'>in</span> <span class='ocrx_word' id='word_1_54' title='bbox 1774 1222 1937 1294; x_wconf 91' lang='lat' dir='ltr'>loco</span> <span class='ocrx_word' id='word_1_55' title='bbox 1999 1239 2297 1293; x_wconf 88' lang='lat' dir='ltr'>amoeno</span> <span class='ocrx_word' id='word_1_56' title='bbox 2376 1216 2711 1294; x_wconf 85' lang='lat' dir='ltr'>virorum</span> <span class='ocrx_word' id='word_1_57' title='bbox 2792 1220 3186 1294; x_wconf 87' lang='lat' dir='ltr'>illustrium</span> 
     </span>
     <span class='ocr_line' id='line_1_8' title="bbox 843 1338 3187 1436; baseline -0.001 -20"><span class='ocrx_word' id='word_1_58' title='bbox 843 1343 1226 1417; x_wconf 80' lang='lat' dir='ltr'>Anchisem</span> <span class='ocrx_word' id='word_1_59' title='bbox 1280 1348 1564 1436; x_wconf 90' lang='lat' dir='ltr'>patrem</span> <span class='ocrx_word' id='word_1_60' title='bbox 1618 1361 1866 1435; x_wconf 85' lang='lat' dir='ltr'>suum,</span> <span class='ocrx_word' id='word_1_61' title='bbox 1910 1338 2038 1432; x_wconf 88' lang='lat' dir='ltr'>qui</span> <span class='ocrx_word' id='word_1_62' title='bbox 2074 1339 2263 1413; x_wconf 89' lang='lat' dir='ltr'>inter</span> <span class='ocrx_word' id='word_1_63' title='bbox 2313 1339 2455 1414; x_wconf 91' lang='lat' dir='ltr'>alia</span> <span class='ocrx_word' id='word_1_64' title='bbox 2508 1339 2821 1414; x_wconf 85' lang='lat' dir='ltr'>ostendit</span> <span class='ocrx_word' id='word_1_65' title='bbox 2859 1340 2991 1414; x_wconf 91' lang='lat' dir='ltr'>sibi</span> <span class='ocrx_word' id='word_1_66' title='bbox 3027 1341 3187 1414; x_wconf 90' lang='lat' dir='ltr'>ani-</span> 
     </span>
     <span class='ocr_line' id='line_1_9' title="bbox 845 1458 3188 1553; baseline -0.001 -17"><span class='ocrx_word' id='word_1_67' title='bbox 845 1483 1004 1536; x_wconf 90' lang='lat' dir='ltr'>mas</span> <span class='ocrx_word' id='word_1_68' title='bbox 1052 1462 1385 1536; x_wconf 84' lang='lat' dir='ltr'>virorum</span> <span class='ocrx_word' id='word_1_69' title='bbox 1439 1459 1831 1533; x_wconf 86' lang='lat' dir='ltr'>illustrium</span> <span class='ocrx_word' id='word_1_70' title='bbox 1897 1479 2403 1552; x_wconf 81' lang='lat' dir='ltr'>romanorum,</span> <span class='ocrx_word' id='word_1_71' title='bbox 2456 1458 2583 1553; x_wconf 91' lang='lat' dir='ltr'>qui</span> <span class='ocrx_word' id='word_1_72' title='bbox 2633 1459 2999 1534; x_wconf 89' lang='lat' dir='ltr'>debebant</span> <span class='ocrx_word' id='word_1_73' title='bbox 3060 1460 3188 1534; x_wconf 93' lang='lat' dir='ltr'>de-</span> 
     </span>
     <span class='ocr_line' id='line_1_10' title="bbox 841 1564 3186 1679; baseline -0.003 -19"><span class='ocrx_word' id='word_1_74' title='bbox 841 1586 1194 1661; x_wconf 91' lang='lat' dir='ltr'>scendere</span> <span class='ocrx_word' id='word_1_75' title='bbox 1243 1585 1316 1656; x_wconf 92' lang='lat' dir='ltr'>in</span> <span class='ocrx_word' id='word_1_76' title='bbox 1368 1603 1645 1679; x_wconf 84' lang='lat' dir='ltr'>genere</span> <span class='ocrx_word' id='word_1_77' title='bbox 1695 1601 1853 1675; x_wconf 86' lang='lat' dir='ltr'>suo,</span> <span class='ocrx_word' id='word_1_78' title='bbox 1909 1581 2098 1655; x_wconf 88' lang='lat' dir='ltr'>inter</span> <span class='ocrx_word' id='word_1_79' title='bbox 2159 1602 2347 1675; x_wconf 91' lang='lat' dir='ltr'>quos</span> <span class='ocrx_word' id='word_1_80' title='bbox 2398 1581 2711 1656; x_wconf 86' lang='lat' dir='ltr'>ostendit</span> <span class='ocrx_word' id='word_1_81' title='bbox 2737 1573 2814 1673; x_wconf 80' lang='lat'>(¹)</span> <span class='ocrx_word' id='word_1_82' title='bbox 2864 1564 3186 1654; x_wconf 86' lang='lat' dir='ltr'>animam</span> 
     </span>
     <span class='ocr_line' id='line_1_11' title="bbox 840 1700 3185 1802; baseline -0.002 -23"><span class='ocrx_word' id='word_1_83' title='bbox 840 1705 1233 1802; x_wconf 82' lang='lat' dir='ltr'>gloriosam</span> <span class='ocrx_word' id='word_1_84' title='bbox 1286 1702 1603 1778; x_wconf 85' lang='lat' dir='ltr'>Marcelli</span> <span class='ocrx_word' id='word_1_85' title='bbox 1654 1701 1936 1797; x_wconf 86' lang='lat' dir='ltr'>nepotis</span> <span class='ocrx_word' id='word_1_86' title='bbox 1983 1701 2294 1798; x_wconf 85' lang='lat' dir='ltr'>Augusti</span> <span class='ocrx_word' id='word_1_87' title='bbox 2354 1722 2447 1776; x_wconf 83' lang='lat' dir='ltr'>ex</span> <span class='ocrx_word' id='word_1_88' title='bbox 2499 1721 2778 1795; x_wconf 85' lang='lat' dir='ltr'>sorore,</span> <span class='ocrx_word' id='word_1_89' title='bbox 2832 1701 2959 1795; x_wconf 90' lang='lat' dir='ltr'>qui</span> <span class='ocrx_word' id='word_1_90' title='bbox 3008 1700 3185 1774; x_wconf 93' lang='lat' dir='ltr'>ado-</span> 
     </span>
     <span class='ocr_line' id='line_1_12' title="bbox 841 1820 3185 1917; baseline -0.002 -20"><span class='ocrx_word' id='word_1_91' title='bbox 841 1825 1286 1899; x_wconf 90' lang='lat' dir='ltr'>lescentulus</span> <span class='ocrx_word' id='word_1_92' title='bbox 1314 1823 1522 1896; x_wconf 87' lang='lat' dir='ltr'>mirae</span> <span class='ocrx_word' id='word_1_93' title='bbox 1548 1822 1807 1895; x_wconf 88' lang='lat' dir='ltr'>indolis</span> <span class='ocrx_word' id='word_1_94' title='bbox 1833 1821 2175 1895; x_wconf 88' lang='lat' dir='ltr'>omnibus</span> <span class='ocrx_word' id='word_1_95' title='bbox 2200 1827 2458 1917; x_wconf 88' lang='lat' dir='ltr'>gratus</span> <span class='ocrx_word' id='word_1_96' title='bbox 2486 1828 2562 1894; x_wconf 91' lang='lat' dir='ltr'>et</span> <span class='ocrx_word' id='word_1_97' title='bbox 2585 1820 2889 1894; x_wconf 91' lang='lat' dir='ltr'>dilectus</span> <span class='ocrx_word' id='word_1_98' title='bbox 2919 1820 3185 1894; x_wconf 88' lang='lat' dir='ltr'>acerba</span> 
     </span>
     <span class='ocr_line' id='line_1_13' title="bbox 842 1939 3191 2036; baseline -0.003 -18"><span class='ocrx_word' id='word_1_99' title='bbox 842 1948 1084 2018; x_wconf 90' lang='lat' dir='ltr'>morte</span> <span class='ocrx_word' id='word_1_100' title='bbox 1135 1949 1388 2036; x_wconf 90' lang='lat' dir='ltr'>raptus</span> <span class='ocrx_word' id='word_1_101' title='bbox 1437 1948 1548 2015; x_wconf 90' lang='lat' dir='ltr'>est</span> <span class='ocrx_word' id='word_1_102' title='bbox 1597 1940 1670 2013; x_wconf 92' lang='lat' dir='ltr'>in</span> <span class='ocrx_word' id='word_1_103' title='bbox 1723 1940 1878 2035; x_wconf 86' lang='lat' dir='ltr'>ipso</span> <span class='ocrx_word' id='word_1_104' title='bbox 1926 1940 2111 2015; x_wconf 89' lang='lat' dir='ltr'>flore</span> <span class='ocrx_word' id='word_1_105' title='bbox 2160 1941 2414 2014; x_wconf 71' lang='lat' dir='ltr'>aetatis,</span> <span class='ocrx_word' id='word_1_106' title='bbox 2461 1940 2670 2014; x_wconf 92' lang='lat' dir='ltr'>Modo</span> <span class='ocrx_word' id='word_1_107' title='bbox 2720 1940 2811 2013; x_wconf 87' lang='lat' dir='ltr'>ad</span> <span class='ocrx_word' id='word_1_108' title='bbox 2864 1939 3191 2034; x_wconf 88' lang='lat' dir='ltr'>proposi-</span> 
     </span>
     <span class='ocr_line' id='line_1_14' title="bbox 845 2058 3190 2155; baseline -0.001 -20"><span class='ocrx_word' id='word_1_109' title='bbox 845 2069 1002 2137; x_wconf 90' lang='lat' dir='ltr'>tum</span> <span class='ocrx_word' id='word_1_110' title='bbox 1033 2060 1377 2135; x_wconf 61' lang='lat' dir='ltr'>Anchises</span> <span class='ocrx_word' id='word_1_111' title='bbox 1410 2060 1578 2134; x_wconf 83' lang='lat' dir='ltr'>fecit</span> <span class='ocrx_word' id='word_1_112' title='bbox 1612 2080 1960 2155; x_wconf 87' lang='lat' dir='ltr'>magnam</span> <span class='ocrx_word' id='word_1_113' title='bbox 1997 2058 2707 2134; x_wconf 87' lang='lat' dir='ltr'>commendationem</span> <span class='ocrx_word' id='word_1_114' title='bbox 2747 2078 2969 2153; x_wconf 87' lang='lat' dir='ltr'>supra</span> <span class='ocrx_word' id='word_1_115' title='bbox 2997 2061 3190 2132; x_wconf 90' lang='lat' dir='ltr'>Mar-</span> 
     </span>
     <span class='ocr_line' id='line_1_15' title="bbox 844 2178 3187 2273; baseline -0.001 -19"><span class='ocrx_word' id='word_1_116' title='bbox 844 2181 1139 2273; x_wconf 85' lang='lat' dir='ltr'>cellum,</span> <span class='ocrx_word' id='word_1_117' title='bbox 1192 2187 1267 2253; x_wconf 93' lang='lat' dir='ltr'>et</span> <span class='ocrx_word' id='word_1_118' title='bbox 1318 2179 1569 2253; x_wconf 91' lang='lat' dir='ltr'>volens</span> <span class='ocrx_word' id='word_1_119' title='bbox 1618 2180 1864 2253; x_wconf 84' lang='lat' dir='ltr'>facere</span> <span class='ocrx_word' id='word_1_120' title='bbox 1901 2178 2194 2272; x_wconf 81' lang='lat' dir='ltr'>festum,</span> <span class='ocrx_word' id='word_1_121' title='bbox 2229 2178 2444 2252; x_wconf 82' lang='lat' dir='ltr'>dixit:</span> <span class='ocrx_word' id='word_1_122' title='bbox 2492 2184 2591 2251; x_wconf 82' lang='lat' dir='ltr'>Tu</span> <span class='ocrx_word' id='word_1_123' title='bbox 2629 2181 2998 2251; x_wconf 80' lang='lat' dir='ltr'>Marcellus</span> <span class='ocrx_word' id='word_1_124' title='bbox 3047 2181 3187 2251; x_wconf 82' lang='lat' dir='ltr'>eris</span> 
     </span>
     <span class='ocr_line' id='line_1_16' title="bbox 845 2297 3190 2392; baseline 0 -21"><span class='ocrx_word' id='word_1_125' title='bbox 845 2302 1164 2372; x_wconf 73' lang='lat' dir='ltr'>manibus</span> <span class='ocrx_word' id='word_1_126' title='bbox 1221 2301 1381 2372; x_wconf 82' lang='lat' dir='ltr'>date</span> <span class='ocrx_word' id='word_1_127' title='bbox 1438 2302 1585 2372; x_wconf 80' lang='lat' dir='ltr'><em>lilia</em></span> <span class='ocrx_word' id='word_1_128' title='bbox 1639 2301 1864 2391; x_wconf 78' lang='lat' dir='ltr'>plenis</span> <span class='ocrx_word' id='word_1_129' title='bbox 1885 2324 1915 2392; x_wconf 89' lang='lat'>,·</span> <span class='ocrx_word' id='word_1_130' title='bbox 1980 2299 2189 2391; x_wconf 89' lang='lat' dir='ltr'>quasi</span> <span class='ocrx_word' id='word_1_131' title='bbox 2248 2298 2560 2373; x_wconf 88' lang='lat' dir='ltr'>diceret:</span> <span class='ocrx_word' id='word_1_132' title='bbox 2624 2299 2793 2373; x_wconf 91' lang='lat' dir='ltr'>date</span> <span class='ocrx_word' id='word_1_133' title='bbox 2856 2298 3034 2372; x_wconf 88' lang='lat' dir='ltr'>mihi</span> <span class='ocrx_word' id='word_1_134' title='bbox 3096 2297 3190 2371; x_wconf 91' lang='lat' dir='ltr'>de</span> 
     </span>
     <span class='ocr_line' id='line_1_17' title="bbox 846 2418 3183 2514; baseline -0.002 -21"><span class='ocrx_word' id='word_1_135' title='bbox 846 2419 1148 2494; x_wconf 88' lang='lat' dir='ltr'>floribus</span> <span class='ocrx_word' id='word_1_136' title='bbox 1199 2419 1272 2491; x_wconf 89' lang='lat' dir='ltr'>in</span> <span class='ocrx_word' id='word_1_137' title='bbox 1326 2437 1593 2514; x_wconf 89' lang='lat' dir='ltr'>magna</span> <span class='ocrx_word' id='word_1_138' title='bbox 1645 2418 1852 2513; x_wconf 90' lang='lat' dir='ltr'>copia</span> <span class='ocrx_word' id='word_1_139' title='bbox 1922 2424 2003 2490; x_wconf 91' lang='lat' dir='ltr'>ut</span> <span class='ocrx_word' id='word_1_140' title='bbox 2064 2438 2489 2514; x_wconf 82' lang='lat' dir='ltr'>respergam</span> <span class='ocrx_word' id='word_1_141' title='bbox 2532 2419 2887 2512; x_wconf 68' lang='lat' dir='ltr'>,iuvenem</span> <span class='ocrx_word' id='word_1_142' title='bbox 2941 2419 3183 2491; x_wconf 92' lang='lat' dir='ltr'>istum.</span> 
     </span>
     <span class='ocr_line' id='line_1_18' title="bbox 846 2514 3190 2635; baseline -0 -23"><span class='ocrx_word' id='word_1_143' title='bbox 846 2540 927 2612; x_wconf 88' lang='lat' dir='ltr'>In</span> <span class='ocrx_word' id='word_1_144' title='bbox 976 2541 1116 2613; x_wconf 90' lang='lat' dir='ltr'>hoc</span> <span class='ocrx_word' id='word_1_145' title='bbox 1164 2546 1416 2613; x_wconf 91' lang='lat' dir='ltr'>autem</span> <span class='ocrx_word' id='word_1_146' title='bbox 1474 2537 1813 2635; x_wconf 86' lang='lat' dir='ltr'>Virgilius</span> <span class='ocrx_word' id='word_1_147' title='bbox 1846 2538 2218 2632; x_wconf 89' lang='lat' dir='ltr'>applaudit</span> <span class='ocrx_word' id='word_1_148' title='bbox 2248 2537 2605 2633; x_wconf 82' lang='lat' dir='ltr'>Augusto,</span> <span class='ocrx_word' id='word_1_149' title='bbox 2641 2538 2841 2631; x_wconf 91' lang='lat' dir='ltr'>quod</span> <span class='ocrx_word' id='word_1_150' title='bbox 2867 2531 2942 2630; x_wconf 81' lang='lat'>(²)</span> <span class='ocrx_word' id='word_1_151' title='bbox 2967 2514 3190 2611; x_wconf 61' lang='lat' dir='ltr'>¹&#39;nimis</span> 
     </span>
     <span class='ocr_line' id='line_1_19' title="bbox 845 2657 3190 2753; baseline -0.001 -20"><span class='ocrx_word' id='word_1_152' title='bbox 845 2660 1201 2735; x_wconf 86' lang='lat' dir='ltr'>dilexerat</span> <span class='ocrx_word' id='word_1_153' title='bbox 1253 2678 1568 2753; x_wconf 91' lang='lat' dir='ltr'>puerum</span> <span class='ocrx_word' id='word_1_154' title='bbox 1622 2658 1887 2752; x_wconf 84' lang='lat' dir='ltr'>istum3</span> <span class='ocrx_word' id='word_1_155' title='bbox 1943 2657 2139 2732; x_wconf 90' lang='lat' dir='ltr'>unde</span> <span class='ocrx_word' id='word_1_156' title='bbox 2188 2678 2334 2730; x_wconf 88' lang='lat' dir='ltr'>non</span> <span class='ocrx_word' id='word_1_157' title='bbox 2385 2658 2620 2752; x_wconf 90' lang='lat' dir='ltr'>potuit</span> <span class='ocrx_word' id='word_1_158' title='bbox 2670 2658 3049 2733; x_wconf 89' lang='lat' dir='ltr'>continere</span> <span class='ocrx_word' id='word_1_159' title='bbox 3080 2659 3190 2731; x_wconf 88' lang='lat' dir='ltr'>la-</span> 
     </span>
     <span class='ocr_line' id='line_1_20' title="bbox 845 2776 3186 2875; baseline -0.002 -22"><span class='ocrx_word' id='word_1_160' title='bbox 845 2800 1138 2875; x_wconf 82' lang='lat' dir='ltr'>crymas</span> <span class='ocrx_word' id='word_1_161' title='bbox 1186 2799 1358 2852; x_wconf 91' lang='lat' dir='ltr'>cum</span> <span class='ocrx_word' id='word_1_162' title='bbox 1411 2776 1754 2874; x_wconf 86' lang='lat' dir='ltr'>Virgilius</span> <span class='ocrx_word' id='word_1_163' title='bbox 1787 2777 1861 2849; x_wconf 89' lang='lat' dir='ltr'>in</span> <span class='ocrx_word' id='word_1_164' title='bbox 1899 2777 2323 2851; x_wconf 81' lang='lat' dir='ltr'>recitatione</span> <span class='ocrx_word' id='word_1_165' title='bbox 2357 2776 2807 2871; x_wconf 89' lang='lat' dir='ltr'>pervenisset</span> <span class='ocrx_word' id='word_1_166' title='bbox 2838 2776 2931 2849; x_wconf 94' lang='lat' dir='ltr'>ad</span> <span class='ocrx_word' id='word_1_167' title='bbox 2965 2777 3186 2850; x_wconf 88' lang='lat' dir='ltr'>istum</span> 
     </span>
     <span class='ocr_line' id='line_1_21' title="bbox 844 2896 3188 2993; baseline -0.002 -20"><span class='ocrx_word' id='word_1_168' title='bbox 844 2920 1180 2993; x_wconf 87' lang='lat' dir='ltr'>passum3</span> <span class='ocrx_word' id='word_1_169' title='bbox 1208 2904 1446 2971; x_wconf 89' lang='lat' dir='ltr'>mater</span> <span class='ocrx_word' id='word_1_170' title='bbox 1480 2897 1702 2970; x_wconf 91' lang='lat' dir='ltr'>etiam</span> <span class='ocrx_word' id='word_1_171' title='bbox 1739 2896 1949 2989; x_wconf 91' lang='lat' dir='ltr'>pueri</span> <span class='ocrx_word' id='word_1_172' title='bbox 1986 2918 2367 2991; x_wconf 88' lang='lat' dir='ltr'>nunquam</span> <span class='ocrx_word' id='word_1_173' title='bbox 2403 2896 2631 2969; x_wconf 89' lang='lat' dir='ltr'>voluit</span> <span class='ocrx_word' id='word_1_174' title='bbox 2659 2897 2985 2990; x_wconf 91' lang='lat' dir='ltr'>recipere</span> <span class='ocrx_word' id='word_1_175' title='bbox 3010 2915 3188 2969; x_wconf 87' lang='lat' dir='ltr'>con-</span> 
     </span>
     <span class='ocr_line' id='line_1_22' title="bbox 842 3014 3189 3111; baseline -0.001 -20"><span class='ocrx_word' id='word_1_176' title='bbox 842 3019 1273 3092; x_wconf 84' lang='lat' dir='ltr'>solationem</span> <span class='ocrx_word' id='word_1_177' title='bbox 1326 3035 1567 3108; x_wconf 90' lang='lat' dir='ltr'>usque</span> <span class='ocrx_word' id='word_1_178' title='bbox 1618 3015 1709 3089; x_wconf 91' lang='lat' dir='ltr'>ad</span> <span class='ocrx_word' id='word_1_179' title='bbox 1745 3022 2105 3090; x_wconf 86' lang='lat' dir='ltr'>mortem:</span> <span class='ocrx_word' id='word_1_180' title='bbox 2144 3016 2240 3089; x_wconf 93' lang='lat' dir='ltr'>ita</span> <span class='ocrx_word' id='word_1_181' title='bbox 2280 3037 2476 3090; x_wconf 92' lang='lat' dir='ltr'>nunc</span> <span class='ocrx_word' id='word_1_182' title='bbox 2512 3016 2584 3089; x_wconf 88' lang='lat' dir='ltr'>in</span> <span class='ocrx_word' id='word_1_183' title='bbox 2618 3015 2985 3111; x_wconf 88' lang='lat' dir='ltr'>proposito</span> <span class='ocrx_word' id='word_1_184' title='bbox 3019 3014 3189 3089; x_wconf 89' lang='lat' dir='ltr'>dicit</span> 
     </span>
     <span class='ocr_line' id='line_1_23' title="bbox 840 3135 3190 3231; baseline -0.002 -20"><span class='ocrx_word' id='word_1_185' title='bbox 840 3142 1057 3231; x_wconf 86' lang='lat' dir='ltr'>poeta</span> <span class='ocrx_word' id='word_1_186' title='bbox 1108 3135 1308 3228; x_wconf 91' lang='lat' dir='ltr'>quod</span> <span class='ocrx_word' id='word_1_187' title='bbox 1358 3139 1559 3208; x_wconf 81' lang='lat' dir='ltr'>nunc</span> <span class='ocrx_word' id='word_1_188' title='bbox 1608 3135 1848 3230; x_wconf 89' lang='lat' dir='ltr'>angeli</span> <span class='ocrx_word' id='word_1_189' title='bbox 1901 3155 2076 3208; x_wconf 89' lang='lat' dir='ltr'>cum</span> <span class='ocrx_word' id='word_1_190' title='bbox 2127 3141 2349 3209; x_wconf 90' lang='lat' dir='ltr'>cantu</span> <span class='ocrx_word' id='word_1_191' title='bbox 2392 3141 2467 3209; x_wconf 88' lang='lat' dir='ltr'>et</span> <span class='ocrx_word' id='word_1_192' title='bbox 2490 3135 2725 3230; x_wconf 85' lang='lat' dir='ltr'>jubilo</span> <span class='ocrx_word' id='word_1_193' title='bbox 2777 3136 3190 3209; x_wconf 89' lang='lat' dir='ltr'>clamabant</span> 
     </span>
     <span class='ocr_line' id='line_1_24' title="bbox 838 3252 3186 3351; baseline -0.001 -20"><span class='ocrx_word' id='word_1_194' title='bbox 838 3261 1172 3351; x_wconf 89' lang='lat' dir='ltr'>petentes</span> <span class='ocrx_word' id='word_1_195' title='bbox 1224 3255 1441 3327; x_wconf 84' lang='lat' dir='ltr'>flores</span> <span class='ocrx_word' id='word_1_196' title='bbox 1493 3252 1760 3346; x_wconf 88' lang='lat' dir='ltr'>quibus</span> <span class='ocrx_word' id='word_1_197' title='bbox 1812 3262 2261 3329; x_wconf 85' lang='lat' dir='ltr'>exornarent</span> <span class='ocrx_word' id='word_1_198' title='bbox 2310 3275 2642 3329; x_wconf 89' lang='lat' dir='ltr'>currum.</span> <span class='ocrx_word' id='word_1_199' title='bbox 2690 3256 2778 3327; x_wconf 95' lang='lat' dir='ltr'>Et</span> <span class='ocrx_word' id='word_1_200' title='bbox 2827 3255 2942 3329; x_wconf 89' lang='lat' dir='ltr'>hic</span> <span class='ocrx_word' id='word_1_201' title='bbox 2995 3260 3186 3348; x_wconf 86' lang='lat' dir='ltr'>nota,</span> 
     </span>
     <span class='ocr_line' id='line_1_25' title="bbox 840 3371 3185 3468; baseline 0.001 -21"><span class='ocrx_word' id='word_1_202' title='bbox 840 3376 1096 3467; x_wconf 87' lang='lat' dir='ltr'>lector,</span> <span class='ocrx_word' id='word_1_203' title='bbox 1151 3373 1347 3466; x_wconf 91' lang='lat' dir='ltr'>quod</span> <span class='ocrx_word' id='word_1_204' title='bbox 1402 3371 1698 3465; x_wconf 87' lang='lat' dir='ltr'>quidam</span> <span class='ocrx_word' id='word_1_205' title='bbox 1763 3374 2125 3466; x_wconf 89' lang='lat' dir='ltr'>sapientes</span> <span class='ocrx_word' id='word_1_206' title='bbox 2183 3374 2398 3448; x_wconf 87' lang='lat' dir='ltr'>aliter</span> <span class='ocrx_word' id='word_1_207' title='bbox 2462 3380 2841 3468; x_wconf 83' lang='lat' dir='ltr'>exponunt</span> <span class='ocrx_word' id='word_1_208' title='bbox 2898 3374 3185 3449; x_wconf 88' lang='lat' dir='ltr'>literam</span> 
     </span>
     <span class='ocr_line' id='line_1_26' title="bbox 847 3492 3191 3589; baseline 0.001 -22"><span class='ocrx_word' id='word_1_209' title='bbox 847 3494 1101 3567; x_wconf 85' lang='lat' dir='ltr'>istam:</span> <span class='ocrx_word' id='word_1_210' title='bbox 1163 3492 1415 3566; x_wconf 88' lang='lat' dir='ltr'>dicunt</span> <span class='ocrx_word' id='word_1_211' title='bbox 1474 3492 1667 3566; x_wconf 88' lang='lat' dir='ltr'>enim</span> <span class='ocrx_word' id='word_1_212' title='bbox 1735 3494 1933 3585; x_wconf 83' lang='lat' dir='ltr'>quod</span> <span class='ocrx_word' id='word_1_213' title='bbox 1999 3493 2135 3568; x_wconf 84' lang='lat' dir='ltr'>ista</span> <span class='ocrx_word' id='word_1_214' title='bbox 2194 3493 2617 3568; x_wconf 84' lang='lat' dir='ltr'>solemnitas</span> <span class='ocrx_word' id='word_1_215' title='bbox 2676 3514 2946 3589; x_wconf 87' lang='lat' dir='ltr'>magna</span> <span class='ocrx_word' id='word_1_216' title='bbox 3005 3494 3191 3569; x_wconf 77' lang='lat' dir='ltr'>sacta</span> 
     </span>
     <span class='ocr_line' id='line_1_27' title="bbox 849 3612 3189 3708; baseline 0 -20"><span class='ocrx_word' id='word_1_217' title='bbox 849 3620 962 3688; x_wconf 88' lang='lat' dir='ltr'>est</span> <span class='ocrx_word' id='word_1_218' title='bbox 1009 3612 1126 3686; x_wconf 89' lang='lat' dir='ltr'>hic</span> <span class='ocrx_word' id='word_1_219' title='bbox 1186 3633 1318 3707; x_wconf 90' lang='lat' dir='ltr'>pro</span> <span class='ocrx_word' id='word_1_220' title='bbox 1384 3613 1864 3686; x_wconf 87' lang='lat' dir='ltr'>conversione</span> <span class='ocrx_word' id='word_1_221' title='bbox 1925 3613 2246 3708; x_wconf 86' lang='lat' dir='ltr'>autoris;</span> <span class='ocrx_word' id='word_1_222' title='bbox 2301 3613 2498 3687; x_wconf 90' lang='lat' dir='ltr'>unde</span> <span class='ocrx_word' id='word_1_223' title='bbox 2548 3621 2926 3707; x_wconf 88' lang='lat' dir='ltr'>exponunt</span> <span class='ocrx_word' id='word_1_224' title='bbox 2991 3614 3189 3707; x_wconf 91' lang='lat' dir='ltr'>illud,</span> 
     </span>
     <span class='ocr_line' id='line_1_28' title="bbox 850 3732 3192 3826; baseline 0 -21"><span class='ocrx_word' id='word_1_225' title='bbox 850 3735 1231 3807; x_wconf 77' lang='lat' dir='ltr'>benedictus</span> <span class='ocrx_word' id='word_1_226' title='bbox 1280 3734 1400 3823; x_wconf 72' lang='lat' dir='ltr'>qm·</span> <span class='ocrx_word' id='word_1_227' title='bbox 1447 3734 1661 3824; x_wconf 71' lang='grc' dir='ltr'><strong><em>υεηίε,</em></strong></span> <span class='ocrx_word' id='word_1_228' title='bbox 1720 3751 1766 3805; x_wconf 95' lang='lat' dir='ltr'>o</span> <span class='ocrx_word' id='word_1_229' title='bbox 1801 3737 1879 3806; x_wconf 89' lang='lat' dir='ltr'>tu</span> <span class='ocrx_word' id='word_1_230' title='bbox 1919 3733 2228 3825; x_wconf 85' lang='lat' dir='ltr'>Dantes3</span> <span class='ocrx_word' id='word_1_231' title='bbox 2264 3733 2390 3806; x_wconf 89' lang='lat' dir='ltr'>sed</span> <span class='ocrx_word' id='word_1_232' title='bbox 2441 3732 2616 3806; x_wconf 89' lang='lat' dir='ltr'>mihi</span> <span class='ocrx_word' id='word_1_233' title='bbox 2660 3733 2950 3808; x_wconf 85' lang='lat' dir='ltr'>videtur</span> <span class='ocrx_word' id='word_1_234' title='bbox 2993 3732 3192 3826; x_wconf 91' lang='lat' dir='ltr'>quod</span> 
     </span>
     <span class='ocr_line' id='line_1_29' title="bbox 851 3841 3188 3945; baseline -0.001 -18"><span class='ocrx_word' id='word_1_235' title='bbox 851 3853 1058 3927; x_wconf 92' lang='lat' dir='ltr'>litera</span> <span class='ocrx_word' id='word_1_236' title='bbox 1110 3852 1377 3926; x_wconf 89' lang='lat' dir='ltr'>habeat</span> <span class='ocrx_word' id='word_1_237' title='bbox 1398 3841 1471 3943; x_wconf 83' lang='lat'>(³)</span> <span class='ocrx_word' id='word_1_238' title='bbox 1508 3851 1841 3926; x_wconf 90' lang='lat' dir='ltr'>altiorem</span> <span class='ocrx_word' id='word_1_239' title='bbox 1883 3852 2327 3926; x_wconf 87' lang='lat' dir='ltr'>intellectum</span> <span class='ocrx_word' id='word_1_240' title='bbox 2365 3852 2770 3926; x_wconf 89' lang='lat' dir='ltr'>secundum</span> <span class='ocrx_word' id='word_1_241' title='bbox 2808 3852 3005 3944; x_wconf 91' lang='lat' dir='ltr'>quod</span> <span class='ocrx_word' id='word_1_242' title='bbox 3031 3851 3188 3945; x_wconf 85' lang='lat' dir='ltr'>jam</span> 
     </span>
     <span class='ocr_line' id='line_1_30' title="bbox 849 3971 3190 4067; baseline -0 -21"><span class='ocrx_word' id='word_1_243' title='bbox 849 3974 1195 4067; x_wconf 83' lang='lat' dir='ltr'>exposui3</span> <span class='ocrx_word' id='word_1_244' title='bbox 1248 3993 1421 4045; x_wconf 89' lang='lat' dir='ltr'>nam</span> <span class='ocrx_word' id='word_1_245' title='bbox 1475 3977 1686 4064; x_wconf 89' lang='lat' dir='ltr'>poeta</span> <span class='ocrx_word' id='word_1_246' title='bbox 1741 3972 1992 4045; x_wconf 88' lang='lat' dir='ltr'>volens</span> <span class='ocrx_word' id='word_1_247' title='bbox 2042 3971 2285 4045; x_wconf 77' lang='lat' dir='ltr'>facere</span> <span class='ocrx_word' id='word_1_248' title='bbox 2349 3972 2899 4046; x_wconf 85' lang='lat' dir='ltr'>venerationem</span> <span class='ocrx_word' id='word_1_249' title='bbox 2953 3978 3029 4046; x_wconf 91' lang='lat' dir='ltr'>et</span> <span class='ocrx_word' id='word_1_250' title='bbox 3078 3972 3190 4045; x_wconf 91' lang='lat' dir='ltr'>in-</span> 
     </span>
     <span class='ocr_line' id='line_1_31' title="bbox 847 4090 3190 4189; baseline -0.001 -22"><span class='ocrx_word' id='word_1_251' title='bbox 847 4092 1400 4189; x_wconf 85' lang='lat' dir='ltr'>vestigationem</span> <span class='ocrx_word' id='word_1_252' title='bbox 1454 4091 1799 4165; x_wconf 88' lang='lat' dir='ltr'>Beatricis</span> <span class='ocrx_word' id='word_1_253' title='bbox 1850 4092 2114 4164; x_wconf 89' lang='lat' dir='ltr'>totiens</span> <span class='ocrx_word' id='word_1_254' title='bbox 2175 4090 2308 4164; x_wconf 90' lang='lat' dir='ltr'>sibi</span> <span class='ocrx_word' id='word_1_255' title='bbox 2361 4091 2737 4185; x_wconf 84' lang='lat' dir='ltr'>promissae</span> <span class='ocrx_word' id='word_1_256' title='bbox 2788 4096 2861 4165; x_wconf 89' lang='lat' dir='ltr'>et</span> <span class='ocrx_word' id='word_1_257' title='bbox 2910 4091 3190 4165; x_wconf 87' lang='lat' dir='ltr'>tamdiu</span> 
     </span>
     <span class='ocr_line' id='line_1_32' title="bbox 849 4210 3192 4308; baseline -0 -22"><span class='ocrx_word' id='word_1_258' title='bbox 849 4218 1274 4304; x_wconf 67' lang='lat' dir='ltr'>expectatae,</span> <span class='ocrx_word' id='word_1_259' title='bbox 1301 4211 1469 4285; x_wconf 84' lang='lat' dir='ltr'>facit</span> <span class='ocrx_word' id='word_1_260' title='bbox 1497 4210 2106 4304; x_wconf 87' lang='lat' dir='ltr'>praeparationem</span> <span class='ocrx_word' id='word_1_261' title='bbox 2144 4211 2235 4284; x_wconf 91' lang='lat' dir='ltr'>ad</span> <span class='ocrx_word' id='word_1_262' title='bbox 2272 4212 2412 4285; x_wconf 90' lang='lat' dir='ltr'>hoc</span> <span class='ocrx_word' id='word_1_263' title='bbox 2448 4210 2798 4285; x_wconf 88' lang='lat' dir='ltr'>inducens</span> <span class='ocrx_word' id='word_1_264' title='bbox 2834 4232 3192 4308; x_wconf 89' lang='lat' dir='ltr'>magnum</span> 
     </span>
     <span class='ocr_line' id='line_1_33' title="bbox 850 4329 3194 4423; baseline 0 -20"><span class='ocrx_word' id='word_1_265' title='bbox 850 4349 1100 4405; x_wconf 91' lang='lat' dir='ltr'>senem</span> <span class='ocrx_word' id='word_1_266' title='bbox 1156 4330 1283 4421; x_wconf 90' lang='lat' dir='ltr'>qui</span> <span class='ocrx_word' id='word_1_267' title='bbox 1335 4329 1590 4401; x_wconf 85' lang='lat' dir='ltr'>invitat</span> <span class='ocrx_word' id='word_1_268' title='bbox 1639 4329 2043 4423; x_wconf 81' lang='lat' dir='ltr'>ecclesiam,</span> <span class='ocrx_word' id='word_1_269' title='bbox 2097 4329 2383 4404; x_wconf 86' lang='lat' dir='ltr'>dicens:</span> <span class='ocrx_word' id='word_1_270' title='bbox 2452 4333 2618 4404; x_wconf 84' lang='lat' dir='ltr'>Veni</span> <span class='ocrx_word' id='word_1_271' title='bbox 2657 4352 2926 4423; x_wconf 81' lang='lat' dir='ltr'>sponsa</span> <span class='ocrx_word' id='word_1_272' title='bbox 2957 4334 3044 4404; x_wconf 83' lang='lat' dir='ltr'>de</span> <span class='ocrx_word' id='word_1_273' title='bbox 3076 4334 3194 4403; x_wconf 80' lang='lat' dir='ltr'>Li-</span> 
     </span>
    </p>
   </div>
   <div class='ocr_carea' id='block_1_3' title="bbox 974 4511 2584 4651">
    <p class='ocr_par' dir='ltr' id='par_1_3' title="bbox 974 4511 2584 4651">
     <span class='ocr_line' id='line_1_34' title="bbox 974 4511 2584 4577; baseline -0.006 -13"><span class='ocrx_word' id='word_1_274' title='bbox 974 4513 1028 4575; x_wconf 82' lang='lat'>(⁸)</span> <span class='ocrx_word' id='word_1_275' title='bbox 1063 4517 1169 4575; x_wconf 86' lang='lat'><strong>117,</strong></span> <span class='ocrx_word' id='word_1_276' title='bbox 1203 4513 1427 4563; x_wconf 76' lang='lat' dir='ltr'>ostendit</span> <span class='ocrx_word' id='word_1_277' title='bbox 1457 4512 1552 4561; x_wconf 79' lang='lat' dir='ltr'>sibi</span> <span class='ocrx_word' id='word_1_278' title='bbox 1587 4512 1828 4563; x_wconf 78' lang='lat' dir='ltr'>animam.</span> <span class='ocrx_word' id='word_1_279' title='bbox 1943 4516 1944 4519; x_wconf 78' lang='grc'>’</span> <span class='ocrx_word' id='word_1_280' title='bbox 2109 4511 2166 4575; x_wconf 80' lang='lat'>(²)</span> <span class='ocrx_word' id='word_1_281' title='bbox 2197 4514 2259 4564; x_wconf 83' lang='grc' dir='ltr'>Β.</span> <span class='ocrx_word' id='word_1_282' title='bbox 2292 4514 2383 4577; x_wconf 70' lang='lat' dir='ltr'>qui</span> <span class='ocrx_word' id='word_1_283' title='bbox 2416 4515 2584 4565; x_wconf 61' lang='lat' dir='ltr'>nimis,</span> 
     </span>
     <span class='ocr_line' id='line_1_35' title="bbox 975 4587 2020 4651; baseline 0.001 -11"><span class='ocrx_word' id='word_1_284' title='bbox 975 4589 1031 4651; x_wconf 85' lang='lat'>(⁸)</span> <span class='ocrx_word' id='word_1_285' title='bbox 1062 4589 1123 4639; x_wconf 87' lang='lat' dir='ltr'>E.</span> <span class='ocrx_word' id='word_1_286' title='bbox 1157 4589 1341 4639; x_wconf 74' lang='lat' dir='ltr'>habeat</span> <span class='ocrx_word' id='word_1_287' title='bbox 1372 4587 1648 4639; x_wconf 79' lang='lat' dir='ltr'>clariorem</span> <span class='ocrx_word' id='word_1_288' title='bbox 1680 4594 1735 4639; x_wconf 81' lang='lat' dir='ltr'>et</span> <span class='ocrx_word' id='word_1_289' title='bbox 1765 4589 2020 4641; x_wconf 78' lang='lat' dir='ltr'>altiorem.</span> 
     </span>
    </p>
   </div>
  </div>
 </body>
</html>
