3734 5567
916 455 1056 520 396
1695 461 2104 518 com-:NTUM
2152 460 2485 514 PARAmsl

912 616 1026 685 rat
1077 615 1389 705 patrem,
1442 613 1527 681 ut
1574 606 1692 680 alii
1745 606 2143 680 salventur.
2196 605 2364 679 Ideo
2413 605 2622 679 dicit:
2666 627 2800 698 per
2843 609 3089 700 luypo*
3126 629 3257 701 pe-

911 733 1146 821 ri911‘0,
1174 728 1376 821 idest,
1405 747 1632 801 causa
1661 725 1934 799 vitandi
1959 725 2398 820 periculum,
2432 733 2678 797 contro
2703 747 2751 797 a
2782 737 3022 817 yralo,
3050 725 3249 818 idest,

909 858 1162 924 contra
1200 849 1688 940 voluntatem3
1734 846 1924 920 sicut
1973 867 2244 920 avarus
2279 845 2563 940 proiicit
2600 866 2885 921 merces
2919 853 3249 942 tempore

912 970 1356 1065 tempestatis
1393 975 1473 1042 ut
1505 968 1851 1043 salvetur.
1886 968 1973 1040 Et
2006 966 2392 1041 confirmat
2426 966 2702 1040 dictum
2739 989 2961 1040 suum
2999 987 3250 1041 exem-

909 1092 1028 1186 plo
1081 1089 1461 1162 manifesto
1511 1088 1969 1180 Alcmaeonis,
2011 1087 2136 1181 qui
2183 1087 2529 1159 mactavit
2568 1093 2877 1161 matrem
2919 1087 2991 1159 in
3036 1086 3248 1160 ultio—

910 1230 1078 1283 nem
1144 1193 1385 1303 patriS‚
1438 1209 1530 1282 de
1592 1229 1742 1303 quo
1801 1208 1991 1282 facta
2052 1212 2162 1280 est
2221 1206 2496 1281 mentio
2559 1207 2727 1281 alibi
2768 1209 2928 1302 jam
2982 1209 3122 1302 bis;
3175 1218 3248 1284 et

909 1327 1326 1401 Aristoteles
1376 1326 1862 1421 exemplificat
1914 1325 2135 1399 etiam
2195 1325 2287 1400 de
2346 1345 2457 1399 eo.
2520 1325 2704 1400 Dicit
2768 1347 2990 1423 ergo:
3058 1350 3249 1402 come

909 1452 1236 1521 Almeone
1283 1451 1424 1539 clze,
1477 1451 1553 1522 di
1600 1441 1707 1522 οἱὸ
1749 1454 2052 1540 preyalo
2102 1449 2229 1520 dal
2265 1448 2501 1539 padre
2547 1468 2700 1540 suc,
2743 1448 3034 1543 scilicet,
3074 1451 3245 1523 Am-

908 1571 1207 1665 phiarao
1259 1569 1537 1643 famoso
1587 1589 1904 1663 augure,
1954 1588 2217 1661 spenw,
2269 1567 2474 1661 idest,
2527 1568 2908 1664 interfecit,
2956 1575 3031 1643 la
3072 1592 3249 1664 pro-

901 1692 1070 1782 pria
1118 1692 1391 1778 madre,
1441 1687 1712 1763 scilicet
1764 1687 2176 1783 Eriphylem
2239 1707 2408 1779 quae
2458 1687 2875 1782 prodiderat
2925 1711 3099 1765 eum
3156 1691 3247 1765 ad

907 1815 1247 1883 mortem.
1301 1810 1390 1881 Et
1438 1808 1653 1882 dicit:
1715 1829 1852 1900 per
1906 1828 2052 1880 non
2101 1809 2366 1899 perdet·
2428 1798 2619 1900 pietci
2680 1811 2744 1881 si
2793 1812 2884 1902 [θ’
2916 1814 3247 1904 spiciam,-

907 1931 1135 2023 pietas
1169 1930 1364 2003 enim
1395 1935 1505 2003 est
1537 1949 1749 2001 amor
1783 1928 1875 2001 ad
1905 1933 2277 2023 parentes;
2316 1928 2534 2001 modo
2564 1928 2932 2003 Alcmaeon
2969 1937 3055 2004 ut
3095 1952 3247 2006 ser-

914 2056 1122 2124 varet
1173 2050 1514 2143 pietatem
1561 2068 1738 2143 erga
1776 2054 2062 2142 patrem
2108 2070 2285 2122 usus
2321 2056 2431 2123 est
2467 2048 2837 2143 impietate
2870 2071 3051 2147 erga
3094 2073 3247 2127 ma-

911 2177 1125 2242 trem.
1197 2169 1393 2242 Idem
1459 2168 1625 2242 fecit
1683 2169 2007 2261 OresteS‚
2072 2168 2165 2243 de
2232 2189 2382 2263 quo
2452 2169 2737 2243 dicetur
2795 2172 2866 2243 in
2937 2172 3247 2267 capitulo

915 2288 1477 2380 sequenti—A
1535 2295 1787 2385 questo,
1851 2288 1984 2362 Hic
2043 2289 2338 2362 Beatrix
2400 2291 2794 2384 persuadet
2850 2293 3118 2387 autori,
3168 2301 3245 2366 ut

910 2408 1316 2482 consideret
1367 2409 1561 2483 circa
1612 2408 2043 2503 praedictum
2082 2429 2377 2503 passum
2413 2431 2586 2484 cum
2628 2411 3084 2488 distinctione
3119 2433 3246 2508 pro

910 2528 1397 2602 declaratione
1456 2549 1613 2621 sua,
1666 2528 1950 2602 dicens:
2020 2534 2076 2601 A
2152 2536 2385 2618 questo
2439 2538 2658 2622 punto
2720 2534 2953 2621 voglio
3015 2534 3135 2605 che
3182 2539 3247 2605 lu

904 2669 1139 2741 pense,
1195 2650 1314 2722 clze
1365 2651 1438 2721 la
1481 2652 1700 2742 sorza
1747 2651 1810 2720 si
1858 2650 2145 2720 mischia
2178 2652 2258 2721 al
2288 2654 2507 2740 voler,
2544 2657 2617 2724 et
2664 2651 2767 2723 sic
2803 2650 2879 2723 fit
2916 2651 3247 2725 voluntas

911 2770 1160 2864 mixta,
1231 2790 1269 2841 e
1312 2773 1539 2863 fanno
1587 2761 1647 2841 si
1709 2771 1829 2841 che
1889 2789 2138 2841 scusar
2199 2791 2344 2843 non
2402 2774 2466 2843 si
2514 2791 2779 2862 posson
2841 2775 2902 2844 le
2965 2776 3240 2864 offense,

911 2889 1113 2982 idest,
1169 2896 1506 2984 peccata3
1561 2888 1759 2963 unde
1806 2888 2087 2962 subdit:
2125 2892 2361 2980 voylia
2400 2894 2712 2982 assolula
2748 2912 2895 2963 non
2939 2899 3249 2965 censente

908 3015 987 3083 al
1032 3013 1298 3100 danao,
1361 3010 1562 3101 idest,
1623 3013 1949 3103 peccatO,
2010 3013 2084 3082 et
2142 3008 2201 3081 si
2269 3011 2649 3104 consentit,
2702 3010 3017 3085 efficitur
3080 3019 3247 3083 tunc

911 3128 1170 3221 mixta;
1229 3128 1421 3201 unde
1470 3127 1676 3201 dicit:
1721 3148 1839 3198 ma
1890 3131 2273 3202 consentevi
2298 3132 2377 3201 in
2413 3137 2632 3222 tanto,
2679 3134 2751 3203 in
2793 3137 3053 3222 quanto
3087 3137 3248 3202 teme

909 3251 1125 3321 cader
1174 3251 1248 3320 in
1293 3243 1416 3338 pite
1478 3252 1798 3340 affanno,
1851 3247 2143 3341 scilicet,
2198 3247 2271 3320 in
2332 3249 2571 3322 maius
2634 3248 3015 3344 damnum,
3069 3249 3250 3322 sicut

909 3372 1108 3462 patet
1162 3367 1232 3438 in
1282 3387 1373 3440 eo
1423 3367 1550 3459 qui
1586 3366 1882 3440 violavit
1916 3367 2300 3462 virginem,
2338 3368 2462 3460 qui
2510 3376 2592 3442 ut
2632 3369 2895 3442 evadat
2934 3389 2979 3441 a
3017 3373 3250 3441 morte

910 3487 1297 3580 desponsat
1347 3507 1538 3578 eam,
1590 3506 1813 3578 quam
1874 3506 2253 3579 nunquam
2318 3487 2530 3561 aliter
2590 3487 3114 3581 desponsasset.
3167 3487 3250 3559 Et

911 3607 1013 3680 sic
1065 3613 1261 3701 patet
1312 3605 1509 3701 quod
1561 3606 1899 3678 voluntas
1949 3612 2203 3679 coacta
2258 3606 2593 3680 voluntas
2634 3613 2762 3681 est.
2803 3608 2890 3679 Et
2929 3607 3045 3680 hic
3081 3613 3249 3681 nota

910 3728 1107 3822 quod
1158 3728 1217 3801 si
1267 3728 1358 3801 sit
1410 3727 1629 3799 timor
1680 3726 1946 3800 cadens
1997 3725 2070 3798 in
2129 3734 2585 3801 constantem
2643 3728 2887 3801 virum
2951 3734 3249 3801 excusat

910 3848 981 3921 in
1036 3850 1195 3922 soro
1245 3847 1435 3920 civili
1487 3853 1560 3922 et
1610 3846 1831 3921 etiam
1900 3845 1973 3918 in
2034 3845 2194 3920 foro
2255 3847 2540 3941 morali,
2592 3847 2720 3921 sed
2766 3868 2910 3920 non
2955 3845 3251 3920 omnino

908 3968 1105 4062 apud
1161 3968 1442 4060 Deum3
1500 3986 1693 4060 saepe
1743 3965 1964 4040 etiam
2026 3971 2136 4039 est
2202 3967 2569 4042 laudabile
2636 3987 2784 4040 non
2846 3967 3114 4041 cedere
3164 3966 3256 4039 ti-

909 4087 1121 4180 mori,
1176 4088 1347 4181 quia
1398 4087 1670 4161 scilicet
1721 4085 1986 4160 melius
2036 4091 2147 4158 est
2195 4085 2497 4181 diligere
2547 4087 2964 4181 honestum,
3025 4106 3250 4180 quam

911 4209 1173 4281 timere
1245 4229 1576 4301 poenam:
1651 4208 1830 4281 tales
1897 4224 2077 4300 ergo
2143 4206 2604 4298 operationes
2666 4213 2837 4281 sunt
2895 4207 3257 4301 quodam-

913 4326 1130 4399 modo
1162 4328 1611 4421 voluntariae,
1641 4322 2187 4419 quodammodo
2223 4325 2751 4401 involuntariae.
2771 4320 3089 4400 -Ρενὸ,
3127 4326 3255 4400 Hic

908 4446 1197 4521 Beatrix
1254 4446 1624 4541 praemissa
1674 4442 2129 4518 distinctione
2183 4448 2595 4520 necessaria
2637 4446 3004 4522 concludit
3055 4448 3255 4521 solu-

909 4566 1182 4640 tionem
1237 4564 1654 4660 quaestionis
1705 4562 2086 4639 verificans
2142 4572 2552 4661 utrumque
2586 4567 2911 4661 dictum,
2965 4566 3250 4642 dicens:
