3734 5567
1218 505 1494 560 cmrus
1543 508 1926 562 vroEslmus
1976 509 2264 564 serres,
2769 499 2906 567 133

558 645 851 722 dicens:
905 670 943 721 e
1009 652 1230 722 andai
1280 673 1579 743 pensoso
1644 656 1857 744 lunqa
1914 656 2115 747 fiala,
2191 655 2394 749 idest,
2464 656 2614 751 diu,
2682 678 2902 729 senza

558 772 759 842 udire
795 790 832 841 e
865 772 1045 862 dire,
1081 770 1285 865 idest,
1323 772 1478 846 sine
1511 774 1766 865 verbO,
1803 778 2200 849 rimirando
2237 779 2357 868 lui,
2394 776 2591 871 quod
2621 768 2696 870 (⁴)
2739 778 2902 852 fue-

563 888 654 963 rit
704 890 1019 964 foedatus
1070 897 1217 964 tam
1277 893 1468 988 turpi
1507 893 1681 968 vitio
1722 901 1796 968 et
1836 902 2087 989 postea
2128 897 2473 991 salvatuS‚
2528 906 2602 972 et
2652 904 2900 972 tamen

562 1010 762 1083 nolui
797 1016 1101 1106 tangere
1138 1011 1409 1106 ipsum3
1449 1013 1642 1087 unde
1675 1014 1882 1087 dicit:
1918 1012 2010 1089 ne*
2036 1012 2160 1107 piz'c
2200 1019 2272 1089 in
2308 1008 2381 1090 ἰὰ
2416 1020 2505 1089 m'
2531 1022 2908 1111 appressai

557 1151 689 1222 per
722 1133 789 1203 lo
817 1134 1052 1223 succe,
1088 1131 1351 1205 timens
1382 1123 1454 1224 (²)
1513 1133 1771 1206 inuriri
1822 1134 2139 1208 infamia.
2190 1135 2439 1210 Simile
2490 1136 2660 1210 fecit
2711 1137 2907 1210 Bru-

564 1257 762 1324 netto
814 1252 1090 1347 Latino,
1139 1252 1310 1346 quia
1361 1253 1645 1348 sapiens
1696 1254 1914 1328 debet
1963 1255 2369 1330 abhorrere
2419 1257 2565 1330 tale
2615 1257 2901 1351 vitium,

560 1370 777 1442 etiam
835 1370 908 1443 in
958 1379 1166 1466 patre
1218 1378 1290 1445 et
1340 1378 1809 1468 praeceptore.

706 1487 959 1562 Poiche‘
1013 1493 1089 1563 di
1150 1494 1565 1582 riquardar.
1637 1493 1777 1566 Ista
1838 1499 1950 1567 est
1998 1493 2212 1568 tertia
2265 1500 2339 1567 et
2399 1494 2654 1569 ultima
2709 1517 2900 1590 pars,

559 1610 632 1683 in
684 1632 830 1705 qua
883 1617 1096 1706 poeta
1159 1612 1627 1687 commendat
1686 1613 2068 1707 praefatum
2131 1613 2539 1688 Guidonem
2595 1636 2639 1688 a
2694 1614 2903 1688 nobi-

558 1730 756 1804 litate
805 1729 1111 1824 dicendi,
1147 1736 1220 1805 et
1270 1730 1505 1825 gratia
1547 1730 1767 1804 huius
1817 1731 2219 1807 incidenter
2257 1734 2585 1808 nominat
2617 1734 2900 1829 aliquot

557 1850 894 1946 egregios
929 1850 1345 1924 inventores
1381 1857 1532 1924 tam
1568 1850 1864 1946 gallicos
1899 1872 2123 1945 quam
2162 1852 2457 1927 italicos,
2496 1853 2678 1927 Dicit
2715 1874 2897 1950 ergo

556 1971 988 2044 continuans
1051 1977 1334 2065 partem
1403 1971 1628 2066 parti:
1686 1966 1939 2044 Poichd
2008 1974 2084 2045 di
2141 1976 2538 2064 riquardar
2582 1977 2898 2066 pasciuto

549 2093 682 2184 sui,
735 2090 935 2184 idest,
987 2096 1214 2185 satur,
1252 2091 1423 2184 quia
1477 2091 1647 2165 satis
1689 2091 1928 2187 primo
1964 2093 2251 2166 locutus
2288 2093 2574 2168 sueram
2615 2114 2895 2186 secum,

558 2209 820 2284 deinde
884 2210 1056 2285 satis
1119 2230 1589 2306 respexeram
1660 2231 1829 2284 cum
1895 2210 2399 2307 admiratione,
2452 2220 2619 2287 tacco
2671 2215 2759 2285 m’
2787 2215 2899 2306 os-

549 2333 729 2423 fersi
766 2337 1031 2421 promo
1086 2332 1163 2402 al
1207 2350 1333 2402 suo
1400 2333 1730 2421 serviin,
1795 2330 1867 2402 in
1918 2330 2157 2404 dando
2220 2331 2350 2404 sibi
2403 2331 2700 2426 famam,
2766 2353 2898 2404 con

557 2453 601 2523 l’
629 2455 1001 2542 affermar,
1051 2450 1257 2543 idest,
1302 2451 1753 2545 jurament0‚
1806 2453 1927 2523 che
1981 2456 2065 2545 sa
2124 2454 2370 2524 credar
2433 2456 2672 2543 altrui,
2724 2453 2896 2547 quia

555 2569 630 2643 in
683 2578 1141 2645 sacramento
1191 2571 1415 2643 homo
1466 2568 1755 2645 invocat
1797 2571 2032 2644 Deum
2090 2571 2162 2643 in
2213 2592 2434 2644 suum
2481 2577 2763 2646 testem.
2809 2572 2897 2644 Et

551 2690 797 2764 subdit
847 2691 1388 2786 responsionem
1441 2690 1810 2785 GuidoniS,
1848 2691 1974 2783 qui
2027 2690 2197 2764 dicit
2248 2691 2321 2764 in
2374 2690 2640 2765 effectu
2694 2690 2892 2784 quod

558 2831 701 2885 non
752 2817 1037 2905 oportet
1089 2810 1325 2906 ipsum
1379 2810 1691 2905 amplius
1752 2810 2093 2884 laborare
2158 2809 2228 2882 in
2291 2810 2452 2903 hoc,
2506 2809 2679 2902 quia
2730 2810 2889 2904 jam

549 2930 746 3005 dedit
809 2930 941 3003 sibi
997 2936 1426 3025 perpetuam
1494 2930 1788 3003 famam.
1854 2928 2041 3002 Dicit
2098 2948 2320 3023 ergo:
2374 2935 2439 3002 el
2492 2931 2606 3001 elli
2654 2950 2703 3000 a
2751 2949 2886 3018 me,

551 3051 843 3145 scilicet,
877 3051 1111 3125 Guido
1163 3050 1567 3146 respondit:
1622 3057 1692 3123 tu
1743 3052 1916 3122 lasci
1951 3051 2027 3121 in
2059 3070 2166 3121 me
2200 3052 2302 3121 tal
2333 3052 2641 3140 vestime,
2679 3048 2886 3144 idest,

551 3171 841 3266 signum
894 3172 1188 3265 amoriS‚
1239 3194 1276 3243 e
1328 3177 1518 3244 tanto
1568 3173 1835 3262 chiara,
1876 3169 2080 3263 idest,
2124 3169 2527 3264 gloriosum
2582 3168 2709 3242 ubi
2760 3169 2894 3244 de-

551 3289 712 3364 disti
763 3290 936 3363 mihi
990 3290 1297 3387 gloriam
1370 3291 1661 3386 linguae,
1713 3290 1881 3364 licet
1944 3289 2353 3384 praetuleris
2417 3288 2702 3382 aliquos
2763 3310 2894 3384 po-

551 3411 914 3504 sterioreS‚
983 3414 1100 3483 che
1167 3416 1344 3503 Lete,
1411 3411 1615 3505 idest,
1676 3410 1967 3503 oblivi0‚
2020 3413 2143 3482 nol
2195 3402 2336 3502 pud
2402 3417 2621 3500 torre,
2686 3410 2889 3505 idest,

551 3531 844 3605 auferre
897 3532 1218 3625 omnino,
1269 3528 1359 3605 ne*
1397 3536 1525 3625 far
1564 3532 1774 3622 bi9i0,
1809 3530 2014 3621 idest,
2052 3529 2477 3624 obscurum,
2515 3531 2687 3624 quia
2730 3552 2892 3606 me-

554 3650 785 3724 moria
820 3671 1112 3745 semper
1162 3651 1301 3726 erit
1350 3652 1442 3726 de
1495 3671 1616 3725 me
1656 3650 1889 3724 donec
1929 3649 2113 3722 liber
2153 3654 2326 3723 tuus
2369 3650 2507 3723 erit
2542 3651 2615 3723 in
2658 3652 2888 3726 sama:

551 3778 623 3846 et
672 3771 877 3845 dicit:
925 3792 1056 3864 per
1106 3774 1264 3865 quel
1309 3774 1481 3845 ch’i'
1516 3773 1654 3844 odo
1667 3797 1697 3865 ,·
1748 3769 2133 3844 audiverat
2167 3769 2362 3843 enim
2399 3769 2634 3843 Guido
2667 3762 2740 3862 (³)
2796 3773 2891 3846 ab

549 3891 794 3985 aliquo
845 3889 1094 3985 spiritu
1152 3892 1468 3984 qualiter
1516 3893 1784 3965 Dantes
1834 3890 2111 3964 fecerat
2170 3889 2880 3964 commendationem

548 4011 638 4086 de
673 4032 801 4105 eo;
839 4010 1000 4085 ideo
1036 4012 1210 4106 petit
1243 4012 1478 4086 Guido
1512 4033 1557 4086 a
1596 4016 1806 4106 poeta
1841 4010 1934 4085 de
1968 4030 2190 4084 causa
2226 4009 2625 4085 affectionis
2660 4031 2885 4103 quam

548 4131 837 4205 videtur
887 4131 1163 4205 habere
1212 4131 1304 4205 ad
1356 4152 1556 4225 eum,
1610 4130 1893 4205 dicens:
1936 4152 2057 4203 ma
2104 4152 2178 4202 se
2227 4133 2288 4203 le
2339 4137 2448 4203 tue
2492 4133 2747 4223 parole
2796 4153 2885 4204 or

549 4271 673 4322 ver
713 4254 1036 4340 murare,
1073 4250 1280 4344 quasi
1317 4250 1543 4325 dicat:
1581 4251 1638 4324 si
1680 4271 1943 4325 verum
1990 4256 2101 4326 est
2134 4251 2330 4346 quod
2373 4252 2468 4325 sis
2503 4250 2600 4326 ita
2639 4273 2889 4348 prom-

667 4481 723 4540 (¹)
756 4479 816 4528 E.
849 4478 938 4543 qni
971 4479 1069 4529 fuit
1100 4478 1321 4529 l’oedatus
1355 4479 1444 4529 tali
1477 4480 1621 4532 vitio.

669 4554 723 4618 (²)
762 4556 817 4607 E.
853 4556 1036 4606 timens
1067 4556 1260 4607 irretiri
1290 4556 1512 4607 infamia.
1533 4584 1595 4596 -
1613 4562 1720 4619 11⁷,
1755 4558 1941 4610 timens
1972 4559 2109 4609 inuri
2141 4559 2368 4611 infamia.

669 4633 721 4698 (⁸)
754 4631 817 4682 B.
849 4631 944 4681 iste
975 4630 1156 4682 Guido.
