3734 5567
1398 497 1676 553 clim-us
1726 498 2011 553 ramus.
2734 485 2875 554 319

528 646 736 720 Nunc
787 643 1049 718 ultimo
1099 648 1315 737 poeta
1366 642 1708 718 describit
1743 644 1918 739 quid
1954 643 2195 739 primo
2236 642 2496 717 viderit
2543 649 2620 718 et
2668 643 2877 718 audi-

529 765 717 840 verit
751 764 825 837 in
861 764 1196 860 ingressu
1232 763 1395 838 coeli
1416 788 1436 857 3
1457 770 1531 838 et
1565 764 1939 858 praemittit
1975 784 2186 838 more
2213 764 2513 859 apostoli
2550 783 2631 838 se
2663 764 2873 861 igno-

534 909 702 963 rare
751 889 810 962 si
864 893 1026 963 erat
1076 907 1249 962 cum
1302 907 1613 983 corpore
1662 889 1780 962 vel
1832 887 1989 962 sine
2039 906 2397 982 corpore;
2450 887 2649 962 unde
2701 909 2882 983 apo-

532 1011 918 1105 strophans
966 1007 1062 1082 ad
1110 1007 1375 1102 Deum,
1414 1007 1618 1082 dicit:
1666 1012 1727 1082 0
1776 1029 2013 1100 amor,
2053 1007 2346 1102 scilicet,
2380 1008 2646 1102 divine,
2687 1010 2808 1083 che
2836 1011 2887 1081 'l

533 1132 662 1203 ciel
704 1130 1023 1221 qoverm}
1082 1127 1280 1223 quod
1340 1147 1481 1224 ego
1549 1147 1747 1202 nunc
1813 1128 2201 1222 intrabam,
2255 1134 2326 1201 tu
2362 1130 2414 1202 'l
2476 1130 2612 1221 sai,
2669 1127 2881 1222 quasi

535 1248 763 1322 dicat:
817 1267 957 1344 ego
1007 1246 1279 1341 nesci0‚
1330 1253 1413 1321 tu
1466 1246 1626 1342 scis,
1678 1242 1836 1340 che,
1881 1246 2086 1340 idest,
2140 1246 2290 1342 qui,
2336 1250 2433 1319 mi
2480 1249 2724 1320 levasti
2769 1250 2884 1320 col

536 1376 650 1442 tuo
701 1371 903 1459 lame,
956 1366 1160 1461 idest,
1213 1374 1343 1441 tua
1393 1366 1628 1463 gratia
1682 1366 1987 1460 rapuisti
2038 1387 2161 1441 me
2208 1366 2302 1441 ad
2353 1368 2651 1461 coelum,
2706 1366 2881 1461 quia

535 1488 772 1584 gratia
812 1494 942 1561 tua
979 1506 1101 1561 me
1150 1486 1527 1582 praevenit,
1565 1492 1638 1561 et
1672 1485 2014 1561 excitavit
2048 1485 2122 1559 in
2163 1505 2287 1560 me
2328 1486 2644 1560 liberum
2679 1486 2883 1561 arbi-

539 1609 788 1703 trium,
841 1613 915 1683 et
963 1607 1335 1702 promovit
1372 1606 1467 1682 ad
1509 1614 1661 1680 tam
1703 1607 1938 1682 altum
1973 1606 2289 1703 gradum
2325 1607 2885 1702 contemplatio-

537 1728 669 1822 nis,
719 1730 871 1801 s'io
921 1746 1051 1801 era
1117 1729 1229 1800 sol
1273 1729 1349 1800 di
1396 1747 1505 1798 me
1567 1729 1727 1819 quel
1785 1729 1906 1799 che
1961 1729 2241 1820 creasti,
2298 1726 2503 1820 idest,
2556 1727 2615 1800 si
2676 1747 2882 1801 eram

537 1848 737 1922 solus
787 1867 958 1922 cnm
1010 1847 1261 1922 animo
1312 1864 1534 1942 quem
1590 1846 1855 1922 creasti
1899 1846 1993 1921 de
2042 1846 2314 1940 nibilo;
2367 1867 2637 1943 corpus
2686 1848 2884 1922 enim

537 1987 685 2042 non
737 1974 973 2064 potest
1020 1967 1316 2063 proprie
1364 1967 1503 2041 dici
1543 1974 1907 2062 creatum,
1949 1967 2076 2041 sed
2117 1975 2557 2063 generatum
2594 1989 2689 2044 ex
2730 1970 2884 2044 ele-

538 2086 825 2181 mentis,
878 2087 1050 2181 quia
1098 2087 1318 2162 datur
1367 2108 1415 2161 a
1464 2086 1913 2182 parentibuS,
1963 2091 2485 2181 novellamente,
2539 2087 2745 2184 idest,
2796 2089 2890 2164 de

535 2205 876 2302 praesenti
943 2206 1016 2279 in
1078 2206 1214 2280 ista
1276 2226 1444 2281 mea
1497 2207 1783 2282 novella
1833 2206 2308 2281 ascensione:
2371 2207 2471 2282 ita
2522 2215 2724 2283 recte
2773 2208 2885 2283 di-

537 2326 750 2402 cebat
801 2327 1076 2401 Paulus
1124 2328 1434 2421 loquens
1483 2326 1577 2401 de
1627 2333 1843 2422 raptu
1905 2346 2042 2401 sno
2100 2326 2193 2401 ad
2252 2327 2526 2402 coelum
2589 2327 2746 2402 sive
2810 2327 2883 2402 in

537 2469 874 2543 corpore,
914 2448 1070 2523 sive
1113 2454 1324 2522 extra
1374 2467 1644 2543 corpus
1695 2453 1832 2522 etc.
1888 2448 1978 2520 Et
2027 2447 2144 2522 hic
2196 2455 2367 2522 nota
2419 2449 2619 2542 quod
2668 2455 2890 2524 autor

543 2588 690 2641 non
725 2565 1096 2641 immerito
1129 2566 1334 2663 fingit
1367 2587 1448 2642 se
1481 2587 1632 2642 non
1667 2566 2037 2641 recordari
2073 2587 2228 2641 suae
2265 2567 2613 2642 mirabilis
2650 2573 2891 2642 trans-

544 2686 990 2781 mutationiS,
1045 2686 1418 2782 quoniam,
1455 2692 1539 2762 ut
1578 2687 1771 2762 bene
1817 2687 1922 2762 ait
1953 2687 2431 2783 AugustinuS,
2475 2689 2665 2764 sicut
2703 2689 2890 2764 stilla

541 2826 758 2901 aquae
810 2808 1046 2881 multo
1098 2806 1334 2881 infusa
1377 2806 1550 2881 vino
1582 2805 1899 2881 deficere
1933 2807 2007 2881 in
2047 2826 2128 2881 se
2162 2812 2315 2882 tota
2350 2807 2663 2901 videtur,
2705 2808 2882 2882 dum

541 2947 879 3022 saporem
932 2926 1080 3002 vini
1116 2926 1347 3001 induit
1382 2933 1456 3001 et
1490 2926 1855 3021 colorem3
1890 2927 1993 3002 sic
2026 2927 2339 3002 hominis
2375 2927 2666 3003 affectio
2702 2948 2893 3022 quo-

542 3046 711 3121 dam
766 3044 1107 3121 ineffabili
1162 3045 1382 3121 modo
1435 3047 1844 3140 liquescens
1898 3046 2431 3121 transfunditur
2483 3046 2771 3144 penitus
2816 3046 2891 3120 in

545 3164 674 3239 Dei
724 3186 1087 3260 amorem,
1124 3172 1199 3241 et
1241 3165 1564 3261 quodam
1618 3165 1830 3261 quasi
1864 3166 2086 3241 modo
2120 3167 2387 3241 oblitus
2422 3167 2536 3241 sui
2571 3188 2705 3262 per
2739 3187 2895 3242 coe-

549 3283 764 3358 lestes
825 3304 1076 3379 speras
1150 3285 1565 3360 mentaliter
1623 3285 1980 3360 scandens
2042 3285 2134 3360 ad
2198 3293 2561 3360 aeternum
2617 3286 2894 3383 Regem

548 3402 850 3498 perduci
884 3404 1196 3498 festinat,
1216 3411 1466 3479 mente
1491 3405 1647 3500 jam
1686 3402 1892 3479 ebria
1924 3404 2285 3481 suavitate
2316 3406 2576 3501 gratiae
2608 3406 2888 3481 infusae.

547 3524 656 3597 Ex
706 3523 911 3599 dictis
942 3518 1016 3618 (¹)
1069 3530 1265 3619 patet
1307 3523 1505 3618 qnod
1539 3529 1758 3598 autor
1799 3543 1997 3597 nunc
2036 3523 2365 3618 loquitur
2415 3526 2508 3601 de
2558 3525 2896 3622 paradiso

548 3643 810 3718 morali
861 3663 1010 3717 non
1058 3642 1441 3736 essentiali,
1496 3642 1684 3717 sicut
1748 3663 1975 3737 supra
2036 3643 2331 3718 notavi:
2383 3645 2632 3719 anima
2694 3645 2892 3720 enim

546 3761 787 3838 adhuc
827 3762 1087 3857 juncta
1136 3760 1426 3856 corpori
1461 3761 1833 3836 interdum
1869 3761 2263 3837 felicitatur
2295 3762 2486 3837 sicut
2518 3763 2890 3839 interdum

545 3882 964 3976 damnatur,
1015 3879 1383 3955 interdum
1439 3888 1803 3979 purgatur
1854 3882 1931 3956 in
1984 3881 2258 3956 mundo
2309 3881 2485 3957 isto:
2521 3883 2663 3957 viri
2714 3904 2898 3980 ergo

547 4001 841 4097 perfecti
885 4002 1043 4098 jam
1093 4008 1268 4076 ante
1319 4009 1636 4077 mortem
1690 4002 2080 4098 degustant
2120 4022 2333 4078 aram
2384 4008 2684 4077 aeternae
2736 4004 2899 4078 feli-

552 4119 800 4193 citatis,
853 4121 942 4194 Et
991 4120 1234 4194 subdit
1286 4120 1461 4215 quid
1512 4121 1772 4196 viderit
1823 4128 1899 4196 et
1947 4121 2314 4197 audiverit
2362 4121 2735 4197 insolitum
2797 4123 2901 4199 sic

552 4236 835 4312 levatus
869 4240 1148 4316 lumine
1174 4231 1248 4334 (²)
1281 4260 1622 4336 supernae
1653 4241 1949 4339 gratiae3
1978 4249 2052 4318 et
2086 4241 2318 4339 tangit
2351 4244 2502 4318 duo
2536 4244 2896 4340 miranda,

551 4376 725 4452 quae
775 4357 1107 4433 fecerunt
1155 4361 1393 4457 ipsum
1445 4367 1834 4456 attentum,
1888 4363 2158 4438 scilicet
2220 4362 2724 4442 dulcissimum
2776 4388 2899 4442 so-

543 4607 547 4610 ’
680 4613 735 4677 c')
767 4614 830 4666 Β.
863 4613 944 4665 Ex
976 4616 1232 4679 praalais
1263 4621 1420 4682 patet.
1907 4619 1964 4685 (')
1994 4625 2041 4681 4,
2074 4621 2127 4672 ln
2160 4621 2376 4674 lumine.
