3734 5567
1230 477 1507 533 CANTUS
1558 480 1946 535 vlosssmns
1996 480 2279 550 ramus,
2871 468 2915 534 9

579 625 949 721 frigidum,
1001 624 1126 699 sed
1187 645 1232 697 a
1293 624 1492 699 nube
1553 626 1736 699 nivis
1795 625 2175 722 egreditur
2239 627 2629 721 paulatim3
2691 646 2921 721 vapor

579 746 799 821 etiam
852 745 1058 839 nivis,
1111 745 1432 818 multum
1487 746 1708 820 habet
1764 747 1857 821 de
1924 745 2254 821 terrestri
2303 746 2670 840 admixt03
2724 746 2922 821 unde

575 885 771 960 aqua
822 865 1007 938 nivis
1057 884 1205 937 non
1255 869 1365 939 est
1413 886 1624 960 pura,
1679 866 1829 940 imo
1889 866 2317 961 perniciosa,
2384 866 2509 941 sed
2578 866 2920 942 fecundat

579 985 896 1058 multum
955 989 1208 1058 terras,
1263 984 1449 1058 Dicit
1497 1006 1677 1082 ergo
1722 985 2032 1060 Statius:
2070 1006 2247 1061 vere
2281 985 2396 1060 hic
2431 987 2628 1061 nulla
2665 994 2775 1061 est
2807 988 2920 1060 al-

576 1102 863 1197 teratio,
891 1101 1148 1196 perche*
1175 1124 1320 1176 non
1345 1107 1664 1197 pioyyia,
1698 1127 1842 1178 non
1875 1109 2185 1197 grande,
2217 1126 2362 1179 non
2394 1128 2588 1197 neve,
2614 1128 2758 1180 non
2789 1128 2922 1179 ro-

576 1226 822 1316 yiada,
857 1244 1002 1296 non
1041 1224 1250 1296 bm'na
1288 1227 1471 1297 cade,
1498 1220 1626 1316 pit)
1675 1247 1758 1299 su
1807 1229 1927 1298 01ιο
1977 1229 2052 1298 la
2090 1229 2374 1299 scalena
2415 1227 2646 1317 breve,
2680 1228 2785 1299 de’
2813 1233 2919 1299 tre

575 1346 817 1436 yradi,
869 1365 1036 1437 quae
1085 1343 1287 1418 ducit
1346 1345 1438 1419 ad
1504 1352 1791 1438 portam
1852 1345 2279 1442 purgatorii,
2344 1351 2425 1418 ut
2484 1346 2671 1419 infra
2721 1345 2913 1420 dicit.

576 1466 665 1539 Et
713 1464 829 1538 hie
882 1471 1052 1538 nota
1105 1464 1304 1559 quod
1353 1464 1542 1539 sicut
1604 1465 1828 1560 aliqui
1893 1468 2172 1561 volunt,
2227 1487 2535 1562 vapores
2586 1466 2712 1560 qui
2764 1466 2918 1540 ele-

579 1593 845 1662 vantur
895 1607 940 1659 a
991 1587 1167 1678 sole,
1219 1605 1311 1659 ex
1364 1586 1631 1680 quibus
1682 1586 1951 1681 pluvia,
2006 1588 2152 1681 nix,
2204 1587 2507 1683 grande,
2554 1595 2629 1661 et
2679 1584 2917 1660 omnis

574 1726 796 1782 aerea
856 1704 1235 1799 impressio
1297 1710 1723 1800 generatur,
1786 1706 1879 1780 ad
1943 1707 2105 1801 plus
2173 1707 2480 1781 tendunt
2545 1706 2619 1778 in
2681 1706 2916 1778 altum

571 1846 704 1923 per
753 1832 922 1900 octo
991 1825 1347 1919 milliaria,
1409 1831 1483 1900 et
1550 1827 1644 1899 ab
1704 1826 1874 1901 inde
1937 1848 2157 1922 supra
2210 1847 2356 1900 non
2409 1826 2488 1899 fit
2535 1825 2915 1922 generatio

574 1946 840 2041 aliqua.
896 1947 985 2018 Et
1037 1945 1264 2042 tangit
1316 1946 1702 2021 materiam
1756 1946 2118 2021 dictarum
2171 1947 2761 2041 impressionum,
2807 1946 2919 2020 di-

572 2088 783 2143 cens:
838 2070 1086 2140 nuvolc
1134 2088 1364 2158 spesse
1396 2087 1539 2139 non
1567 2069 1813 2160 paion,
1849 2067 2054 2161 idest,
2093 2087 2237 2140 non
2289 2073 2642 2162 apparent
2684 2066 2915 2161 nobis»,

573 2181 666 2261 ne*
705 2190 911 2279 rade,
946 2181 1039 2261 ne*
1070 2208 1514 2279 corruscare,
1556 2187 1729 2282 quia
1771 2188 1956 2284 ignis
1987 2179 2058 2279 (¹)
2099 2187 2409 2283 fulguris
2461 2186 2538 2260 fit
2589 2188 2911 2262 inclusus

577 2307 650 2381 in
689 2307 992 2381 humido
1026 2327 1287 2401 aqueo.
1326 2308 1411 2380 Et
1448 2307 1676 2403 tangit
1709 2307 2043 2381 subtilius
2076 2307 2294 2381 aliam
2336 2307 2912 2402 impressionem,

573 2427 858 2502 dicens:
908 2423 1000 2501 ne*
1045 2429 1247 2518 fiylia
1303 2429 1378 2499 di
1446 2432 1848 2518 Taumante,
1910 2427 2113 2521 idest,
2171 2426 2328 2520 Iris,
2380 2449 2548 2520 quae
2609 2431 2916 2501 vocatur

574 2568 791 2622 arcus
824 2547 1177 2643 pluvialis,
1214 2547 1321 2622 Ad
1357 2548 1553 2641 quod
1598 2555 1770 2622 nota
1805 2548 2004 2642 quod
2035 2548 2167 2622 Iris
2206 2553 2315 2622 est
2349 2547 2583 2621 nubes
2616 2547 2746 2621 soli
2782 2567 2916 2641 op-

573 2668 826 2763 posita,
882 2667 1098 2742 radiis
1129 2658 1201 2759 (²)
1256 2667 1425 2741 solis
1476 2667 1968 2761 multipliciter
2018 2666 2428 2741 informata.
2484 2667 2729 2741 Poetae
2776 2688 2915 2740 au-

576 2794 725 2863 tem
769 2787 1054 2884 fingunt
1092 2788 1358 2862 Iridem
1394 2787 1617 2862 fuisse
1650 2788 1873 2861 filiam
1910 2787 2421 2882 Thaumantis3
2460 2807 2629 2860 nam
2668 2787 2915 2860 Thau-

577 2929 735 2983 mas
774 2928 1039 3004 graece‚
1076 2908 1298 2983 latine
1347 2908 1872 3002 interpretatur
1927 2907 2310 3000 mirabilis;
2360 2913 2434 2981 et
2483 2906 2640 2981 sine
2688 2905 2913 2980 dubio

576 3048 693 3103 τω
744 3028 1090 3104 mirabilis
1139 3035 1272 3120 est,
1324 3033 1398 3101 et
1449 3026 1795 3102 mirabilis
1822 3016 1899 3118 (³)
1950 3031 2252 3121 apparet
2316 3025 2545 3100 oculis
2604 3025 2914 3119 nostris;

574 3154 647 3222 et
694 3148 902 3222 dicit:
941 3151 1060 3221 01ιο
1107 3149 1185 3220 di
1223 3137 1319 3238 ld,
1361 3147 1564 3240 idest,
1608 3167 1775 3241 quae
1810 3145 1942 3219 Iris
1982 3145 2056 3219 in
2114 3145 2392 3219 mundo
2438 3150 2707 3237 vestro,
2743 3165 2917 3216 can-

571 3272 694 3359 qia
748 3276 1025 3342 sovcnte
1086 3270 1450 3358 contrade,
1512 3267 1716 3361 idest,
1770 3272 2008 3340 mutat
2077 3285 2272 3361 saepe
2338 3265 2697 3362 regiones.
2762 3265 2916 3339 Hoc

574 3388 734 3463 ideo
784 3388 978 3482 dicit,
1027 3387 1201 3481 quia
1253 3388 1310 3460 si
1363 3386 1494 3460 Iris
1544 3394 1849 3480 apparet
1898 3386 1972 3459 in
2017 3406 2258 3480 mane,
2301 3385 2592 3461 videtur
2642 3386 2738 3459 ab
2788 3405 2916 3458 oc-

575 3506 880 3601 cidente,
932 3508 990 3581 si
1041 3508 1113 3580 in
1166 3507 1497 3610 ⁴vesperis
1564 3507 1638 3579 in
1698 3505 2001 3580 oriente.
2029 3546 2128 3560 —
2155 3512 2381 3579 Secco.
2445 3505 2574 3579 Hic
2641 3503 2915 3578 Statius

576 3627 802 3723 tangit
865 3628 1218 3703 rationem
1286 3625 1700 3701 naturalem
1763 3624 1960 3699 venti
2029 3631 2104 3699 et
2169 3629 2674 3699 terraemotus:
2739 3644 2912 3698 nam

576 3751 836 3820 ventus
887 3752 997 3821 est
1049 3765 1275 3840 vapor
1327 3746 1562 3819 siccus
1621 3750 1696 3819 et
1755 3743 2035 3817 subtilis
2093 3745 2423 3819 elevatus
2477 3766 2525 3818 a
2584 3744 2778 3839 sole3
2839 3750 2915 3819 et

575 3870 1040 3940 terraemotus
1090 3865 1170 3939 fit
1221 3865 1514 3960 quando
1567 3872 1829 3939 ventus
1863 3864 2086 3939 intrat
2119 3865 2402 3940 viscera
2438 3871 2657 3939 terrae
2692 3870 2766 3939 et
2798 3864 2913 3937 in-

571 3991 994 4059 carceratus
1044 4005 1192 4059 non
1253 3990 1490 4080 potest
1557 3984 1801 4059 exire:
1855 3984 2021 4058 ideo
2072 3984 2429 4058 violenter
2490 3990 2915 4058 commovet

572 4110 847 4179 terram
900 4112 973 4180 et
1000 4094 1074 4198 (⁴)
1132 4112 1454 4180 tremere
1503 4104 1691 4180 facit.
1744 4105 1927 4180 Dicit
1978 4124 2196 4200 ergo:
2250 4110 2458 4179 Secco
2509 4125 2738 4198 vapor
2769 4125 2916 4179 non

569 4243 777 4315 sorye
840 4220 967 4317 pic}
1041 4233 1322 4317 avante,
1398 4225 1602 4319 idest,
1680 4224 1916 4320 magis
1984 4243 2308 4320 sursum,
2372 4226 2473 4297 clt'
2495 4228 2577 4298 al
2643 4245 2915 4299 sommo

572 4344 674 4416 de'
700 4352 806 4417 tre
835 4348 1075 4437 qradi,
1112 4345 1303 4420 illius
1354 4345 1596 4420 brevis
1635 4345 1873 4438 scalae,
1925 4346 2028 4417 οΙι’
2052 4348 2123 4418 io
2150 4348 2418 4438 parlai,
2454 4365 2677 4440 supra
2712 4346 2914 4440 capi-

691 4531 748 4592 (¹)
779 4531 841 4581 E.
872 4532 1005 4595 ignis
1036 4532 1093 4584 m
1125 4533 1369 4584 inclusus,
1679 4529 1736 4593 (⁸)
1768 4532 1831 4582 E.
1861 4535 1914 4584 'et
1948 4533 2105 4583 radiis
2131 4533 2408 4583 muribus.

693 4605 747 4670 (⁸)
778 4606 841 4658 E.
873 4609 1178 4661 mirabilior.
1685 4609 1740 4671 (ἦ
1768 4609 1832 4661 Ε.
1861 4614 1918 4661 et
1945 4608 2073 4661 facit
2102 4623 2220 4662 eam
2251 4615 2495 4661 tremere.
2527 4608 2681 4659 Dicit.
