3734 5567
1165 522 1443 577 CANTUS
1492 518 1875 576 leESIMUS
1926 518 2277 583 QUARTUS.
2801 509 2895 577 83

552 686 859 761 pomum
909 665 1423 759 desideratum,
1475 684 1513 736 e
1560 667 1685 737 nol
1728 666 2106 737 nascende.
2151 664 2239 737 Et
2280 664 2397 737 hic
2449 669 2622 738 nota
2658 686 2898 758 quan-

554 790 712 857 tum
767 786 1216 881 comparatio
1266 789 1377 856 est
1426 782 1970 878 propriissima:
2026 783 2208 856 tales
2275 803 2600 876 namque
2661 785 2900 880 gulosi

553 910 724 977 sunt
774 904 1044 979 similes
1074 901 1470 998 infantulis,
1509 902 1635 996 qui
1672 907 2086 996 sequuntur
2128 922 2421 996 semper
2461 903 2898 999 passionem,

552 1029 628 1097 et
686 1028 1039 1118 appetunt
1102 1021 1447 1115 quicquid
1510 1021 1754 1096 vident
1814 1021 1909 1095 de
1975 1041 2190 1115 novo,
2255 1027 2328 1095 et
2387 1026 2582 1118 saepe
2643 1023 2900 1097 volunt

556 1142 942 1218 comedere
978 1148 1052 1216 et
1085 1141 1358 1241 bibere.
1396 1143 1485 1215 Et
1517 1141 1575 1215 si
1614 1148 1931 1238 negatur
1961 1134 2033 1233 (¹)
2070 1142 2176 1215 eis
2217 1142 2413 1235 quod
2449 1149 2800 1238 appetunt
2822 1133 2894 1235 (³)

555 1262 794 1335 statim
850 1263 1300 1355 cruciantur,
1341 1262 1492 1334 imo
1542 1261 1884 1336 videntur
1935 1260 2278 1335 suffocari
2332 1268 2407 1336 et
2456 1263 2646 1336 mori
2689 1284 2902 1338 more

554 1382 1086 1478 praegnantium
1142 1381 1583 1476 mulierum3
1622 1382 1784 1456 ideo
1818 1381 1937 1455 hic
1984 1381 2163 1455 tales
2204 1381 2460 1456 molles
2500 1383 2902 1477 justissime

553 1507 988 1597 purgantur,
1043 1502 1214 1596 quia
1279 1501 1527 1576 vident
1585 1522 1836 1575 coram
1907 1500 2136 1604 oculis
2202 1500 2587 1595 pendentia
2655 1523 2901 1597 poma,

557 1641 692 1695 nec
753 1622 999 1696 valent
1060 1621 1420 1717 attingere
1480 1620 1622 1714 illa,
1675 1641 1764 1694 ex
1830 1641 1981 1714 quo
2044 1611 2274 1716 magis
2335 1622 2594 1695 crescit
2660 1643 2899 1716 poena.

558 1742 642 1815 Et
692 1741 924 1838 tangit
974 1761 1346 1817 recessum
1383 1761 1646 1816 eorum
1684 1740 1962 1815 dicens:
1998 1743 2125 1832 poi
2172 1743 2237 1813 si
2279 1734 2496 1833 parti,
2532 1741 2651 1816 illa
2691 1761 2897 1837 gens,

556 1855 616 1935 εἰ
665 1883 856 1936 come
904 1864 1286 1952 ricredma,
1323 1861 1527 1955 idest,
1564 1860 1834 1954 sedata,
1872 1860 2083 1954 quasi
2122 1860 2335 1954 dicat,
2371 1860 2667 1956 fatigata
2705 1860 2902 1954 quod

560 1983 720 2077 plus
756 2003 905 2055 non
938 1987 1248 2076 poterat,
1278 1981 1450 2075 quia
1478 1980 1652 2053 nihil
1675 1980 2327 2054 lucrabatur.—E
2354 1983 2493 2052 noi.
2524 1981 2653 2054 Hic
2687 1985 2903 2075 poeta

562 2102 790 2198 tangit
840 2122 1219 2176 accessum
1275 2121 1496 2175 suum
1548 2099 1642 2173 ad
1691 2099 2035 2174 arborem
2097 2107 2259 2195 post
2317 2121 2691 2175 recessum
2742 2102 2903 2176 illa-

560 2242 730 2294 rum
783 2221 1229 2314 animarum,
1267 2227 1341 2295 et
1390 2219 1962 2294 admonitionem
2008 2219 2272 2293 factam
2310 2219 2441 2293 sibi
2481 2219 2576 2293 ab
2608 2220 2903 2314 arbore,

561 2340 842 2415 dicens:
895 2361 933 2411 e
980 2344 1104 2412 noi
1153 2342 1492 2413 venimmo
1542 2343 1619 2412 al
1662 2341 1940 2430 prande
1980 2341 2246 2430 albere,
2289 2338 2428 2412 sub
2468 2337 2680 2413 cuius
2732 2361 2904 2412 um-

562 2460 696 2534 bra
747 2467 1050 2534 manent
1099 2459 1373 2534 infinita
1410 2458 1633 2532 millia
1675 2460 2151 2554 gulosorum3
2188 2461 2463 2550 adesse,
2512 2460 2716 2554 idest,
2754 2465 2905 2534 sta-

565 2578 719 2672 tim,
786 2579 880 2652 ad
927 2579 1297 2672 arborem,
1348 2578 1548 2652 dico:
1601 2580 1722 2650 che
1780 2581 1954 2650 tanti
2003 2580 2283 2670 prieyhi
2343 2600 2380 2649 e
2446 2581 2745 2669 layrime
2798 2582 2906 2651 ri-

561 2700 762 2790 fiuta,
804 2699 974 2791 quia
1010 2719 1157 2773 non
1193 2698 1491 2773 exaudit
1526 2697 1687 2772 illos
1722 2704 2067 2795 rogantes
2097 2718 2265 2771 cum
2306 2703 2508 2775 tanta
2538 2698 2904 2789 aviditate,

561 2821 644 2889 ut
684 2818 840 2911 jam
895 2818 1169 2891 dictum
1225 2823 1354 2893 est.
1409 2818 1498 2889 Et
1547 2816 1787 2890 subdit
1837 2836 2098 2891 vocem
2160 2815 2575 2886 venientem
2635 2813 2730 2887 ab
2780 2835 2907 2887 ar-

560 2936 764 3031 bore,
818 2958 985 3031 quae
1036 2937 1358 3012 dicebat:
1413 2942 1806 3028 trapassate
1854 2939 2031 3005 olere
2097 2952 2314 3004 senza
2376 2935 2575 3026 fervi
2625 2954 2904 3024 presso,

563 3056 850 3151 scilicet,
904 3078 1130 3152 prope
1180 3057 1523 3131 arborem
1588 3072 1975 3148 magnam:
2030 3057 2105 3126 et
2163 3051 2329 3125 vide
2389 3052 2704 3145 qualiter
2755 3074 2902 3128 vox

564 3174 695 3249 ista
746 3180 1096 3250 consonat
1145 3194 1318 3247 cum
1361 3193 1544 3248 voce
1594 3170 1851 3266 primae
1902 3170 2227 3264 arboris;
2280 3170 2400 3245 illa
2452 3171 2647 3246 enim
2684 3171 2901 3245 dixit:

562 3293 653 3368 de
705 3295 842 3368 hoc
893 3294 1036 3367 cito
1086 3292 1442 3367 habebitis
1493 3291 1901 3386 caristiam3
1947 3291 2081 3364 ista
2132 3310 2312 3365 vero
2347 3291 2554 3365 dicit:
2596 3312 2743 3366 non
2778 3314 2909 3388 ap-

562 3413 1060 3508 propinquetis
1092 3402 1163 3505 (³)
1219 3411 1312 3486 ad
1361 3432 1690 3507 pomum,
1736 3410 2161 3504 pestiferum
2224 3411 2421 3485 enim
2458 3417 2569 3485 est
2601 3416 2908 3508 gustan-

564 3533 794 3626 tibus;
847 3532 1011 3607 ideo
1063 3532 1293 3629 tangit
1340 3532 1687 3608 continuo
1738 3531 2101 3628 originem
2144 3532 2326 3626 eiuS,
2363 3532 2648 3607 dicens:
2702 3537 2908 3626 [cyno

563 3648 606 3725 ἐ
636 3647 766 3744 pist
814 3672 923 3743 su,
974 3652 1048 3724 in
1099 3652 1526 3725 summitate
1577 3650 1866 3743 montis,
1920 3657 2006 3724 ut
2055 3651 2326 3745 patebit
2376 3673 2513 3727 suo
2565 3653 2747 3748 loco,
2790 3656 2913 3728 che

558 3776 639 3865 fu
688 3792 928 3844 morso
978 3774 1075 3844 da
1126 3776 1302 3864 Eva,
1371 3791 1540 3864 quae
1590 3769 2004 3865 degustavit
2067 3770 2160 3844 de
2226 3791 2447 3865 pomo
2509 3772 2734 3845 vetito
2785 3793 2912 3845 ar-

563 3890 761 3965 boris
810 3891 1128 3965 scientiae
1180 3890 1349 3965 boni
1420 3895 1493 3964 et
1543 3889 1739 3983 mali,
1792 3908 1829 3961 e
1881 3895 2118 3980 questa
2180 3892 2429 3981 pianta
2490 3893 2554 3961 si
2612 3883 2760 3962 levo
2811 3892 2913 3963 da

565 4030 739 4101 esse,
791 4009 1082 4104 scilicet,
1131 4010 1348 4106 ligne.
1404 4009 1601 4084 Bene
1651 4009 1844 4104 dicit,
1883 4009 2053 4102 quia
2089 3998 2160 4102 (⁴)
2200 4009 2276 4082 in
2312 4010 2552 4103 primo
2595 4015 2764 4083 nata
2800 4016 2912 4084 est

563 4131 758 4225 gula,
796 4130 1004 4224 quasi
1030 4130 1220 4205 dicat
1245 4130 1502 4207 tacite:
1538 4129 1799 4224 vitetiS,
1839 4129 2111 4224 miseri,
2151 4130 2411 4204 vitium
2446 4131 2664 4226 gulae,
2710 4129 2910 4224 quod

567 4248 700 4322 fuit
747 4250 1181 4344 principium
1234 4236 1719 4325 damnationis
1752 4249 2057 4323 humani
2103 4238 2416 4345 generiS,
2453 4251 2621 4325 licet
2654 4258 2911 4347 gusta-

567 4368 667 4443 tio
716 4370 913 4463 pomi
963 4370 1257 4465 proprie
1310 4391 1455 4445 non
1508 4369 1725 4444 fuerit
1776 4390 2024 4463 causa,
2078 4375 2163 4443 ut
2211 4370 2382 4444 dicit
2445 4370 2598 4464 ipse
2651 4371 2910 4465 Adam,

690 4555 745 4616 (¹)
784 4555 838 4606 S.
868 4568 900 4604 e
932 4556 991 4605 E.
1025 4556 1326 4619 denegatur.
1906 4555 1962 4617 (ἦ
1998 4561 2105 4613 117,
2140 4561 2337 4619 petunt.

691 4630 746 4694 (¹)
777 4631 841 4681 Β.
870 4644 974 4681 nou
1007 4633 1429 4696 appropinquate.
1908 4631 1961 4693 (⁸)
1994 4632 2054 4681 E.
2089 4633 2209 4697 quia
2240 4632 2310 4681 ibi
2343 4634 2529 4695 primo.
