3734 5567
224 1289 279 1419 k

210 1447 289 1584 ἑχ

204 1651 253 1743 2·

827 1192 1557 1307 COMENTUM
1644 1192 2515 1306 PURGATORII.

1536 1469 1798 1478 ——.

492 1786 822 1854 CANTUS
882 1785 1350 1853 VIGESIMUS
1409 1786 1752 1865 PRIMUS,
1800 1789 1875 1853 in
1932 1807 2052 1871 quo
2110 1792 2343 1853 tractat
2386 1788 2548 1852 siout
2589 1787 2839 1851 invene-

649 1904 802 1963 runt
860 1897 1126 1981 aliquem
1182 1903 1470 1963 vocatum
1524 1897 1798 1964 Statium
1848 1900 1922 1963 in
1976 1898 2177 1963 medio
2221 1899 2488 1975 itineri-3,
2537 1898 2647 1980 qui
2702 1916 2840 1962 cum

650 2007 916 2092 Wrya‘lio
958 2008 1157 2073 multa
1212 2009 1553 2090 receptavit
1605 2028 1734 2074 non
1793 2011 2006 2090 ipsum
2059 2027 2472 2092 wynoscens3
2520 2012 2580 2072 et
2609 2011 2841 2089 postea

647 2121 808 2186 sicut
848 2121 1263 2204 interroyavit
1293 2117 1574 2185 Dantem
1616 2121 1759 2201 quis
1803 2124 1964 2185 esset
2009 2117 2319 2202 Viryilius
2363 2124 2423 2183 et
2465 2117 2716 2183 Damtes
2760 2137 2840 2183 ex

648 2232 831 2296 verbo
873 2229 1133 2315 Viryaii
1175 2231 1341 2296 dixit
1383 2232 1445 2297 ei
1487 2232 1719 2297 omnia.

638 2471 848 2637 LA
892 2574 1027 2639 sete
1059 2570 1350 2641 natural
1377 2570 1496 2639 che
1529 2568 1674 2639 mai
1697 2587 1841 2638 non
1864 2568 2088 2638 sazia.
2118 2567 2514 2659 Postquam
2543 2565 2619 2637 in
2646 2583 2835 2658 prae-

491 2685 773 2761 cedenti
822 2687 1139 2781 capitulo
1191 2693 1405 2782 poeta
1456 2692 1704 2760 noster
1753 2685 2002 2760 docuit
2053 2685 2544 2780 multipliciter
2594 2685 2833 2759 vitare

490 2806 749 2880 vitium
816 2808 1163 2901 avaritiae,
1223 2827 1421 2880 nunc
1485 2813 2023 2900 consequenter
2087 2805 2158 2878 in
2227 2804 2568 2899 praesenti
2632 2804 2833 2898 capi-

489 2927 646 3000 tulo
681 2925 844 3000 XXI
883 2927 1035 3023 agit
1067 2934 1142 3001 et
1173 2933 1438 3003 tractat
1471 2926 1563 3000 de
1601 2925 2038 3022 purgatione
2079 2923 2621 3020 prodigalitatiS,
2658 2944 2830 3018 quae

488 3047 790 3140 punitur
840 3046 1097 3122 eadem
1151 3067 1369 3141 poena
1428 3046 1646 3119 simul
1705 3066 1880 3120 cum
1940 3045 2248 3120 avaritia
2308 3050 2384 3118 et
2442 3043 2516 3117 in
2566 3043 2825 3119 eodem

485 3164 783 3240 circulo.
836 3166 925 3238 Et
976 3165 1166 3239 istud
1215 3166 1617 3261 capitulum
1659 3171 1897 3260 potest
1930 3164 2145 3239 dividi
2181 3164 2254 3237 in
2291 3170 2613 3258 quatuor
2651 3184 2827 3258 par-

486 3290 595 3360 tes
645 3284 1112 3380 principales3
1166 3285 1239 3358 in
1292 3284 1525 3379 prima
1579 3306 1904 3379 quarum
1953 3283 2348 3358 introducit
2386 3304 2610 3358 unam
2663 3284 2826 3358 ani-

489 3425 686 3478 mam
740 3404 1094 3479 illustrem
1148 3405 1526 3498 antiquam
1565 3425 1802 3500 nuper
1836 3410 2228 3501 purgatam
2265 3403 2438 3478 vitio
2489 3403 2828 3500 prodiga·-

486 3524 727 3618 litatis,
792 3524 913 3598 cui
964 3523 1307 3621 Virgilius
1357 3531 1612 3598 narrat
1662 3524 1736 3597 in
1785 3524 2111 3620 generali
2163 3522 2650 3598 conditionem
2712 3522 2824 3595 sui

486 3650 561 3719 et
611 3643 877 3717 Dantis.
928 3643 1006 3716 ln
1058 3642 1378 3717 secunda
1438 3643 1779 3740 Virgilius
1844 3643 2145 3737 inquirit
2203 3664 2249 3718 a
2312 3642 2505 3717 dicto
2568 3642 2823 3737 spiritu

487 3764 579 3839 de
613 3784 837 3838 causa
872 3770 1340 3838 terraemotus
1373 3770 1448 3837 et
1482 3764 1823 3838 clamoris
1855 3763 2201 3858 praedicti,
2231 3763 2367 3837 ibi:
2404 3767 2530 3837 Ma
2562 3765 2824 3836 dimmi.

486 3884 566 3958 ln
616 3884 831 3960 tertia
882 3882 1219 3980 Virgilius
1268 3883 1569 3977 inquirit
1630 3883 1726 3957 ab
1777 3884 2037 3959 eodem
2092 3884 2255 3977 quis
2314 3883 2557 3976 fuerit,
2611 3888 2685 3956 et
2733 3882 2828 3955 de

487 4025 711 4079 causa
745 4023 901 4076 suae
935 4002 1303 4077 diuturnae
1335 4024 1594 4099 poenae,
1631 4004 1763 4078 ibi:
1801 4008 1940 4078 E’l
1967 4008 2167 4077 savio
2204 4007 2405 4077 duca.
2444 4004 2523 4077 ln
2560 4009 2821 4097 quarta

487 4129 561 4199 et
612 4122 867 4196 ultima
918 4129 1133 4217 poeta
1183 4123 1594 4198 manifestat
1645 4123 2027 4220 Virgilium
2093 4123 2284 4197 dicto
2333 4122 2640 4217 spiritui,
2691 4122 2825 4196 ihi:

502 4247 736 4316 Volser
775 4245 1081 4333 Virgilio.
1117 4241 1225 4316 Ad
1259 4243 1582 4337 primum
1635 4264 1817 4340 ergo
1866 4243 2029 4317 dico
2080 4243 2278 4337 quod
2328 4248 2543 4337 poeta
2595 4242 2827 4316 intro-

486 4362 686 4437 ducit
734 4363 1057 4436 animam
1095 4361 1449 4438 illustrem
1486 4362 1767 4457 antiqui
1801 4368 2036 4457 poetae
2067 4361 2348 4458 prodigi
2369 4386 2390 4455 3
2427 4361 2552 4440 sed
2590 4361 2830 4456 primo

485 4481 855 4576 praemittit
877 4462 1105 4555 suam‘
1118 4482 1740 4556 continuationem
1765 4481 1858 4555 ad
1883 4481 2402 4577 praecedentia:
2426 4480 2600 4574 quia
2628 4481 2825 4555 enim

485 4601 562 4674 in
610 4600 755 4676 fine
807 4602 1100 4695 capituli
1159 4602 1635 4696 praecedentis
1683 4603 2146 4678 concluserat
2211 4608 2488 4696 quanto
2558 4600 2827 4675 ardore

749 4742 826 4785 lv.
2532 4744 2552 4784 1
