3734 5567
1146 504 1423 561 cm'rus
1473 507 1857 563 vlcnsmus
1908 507 2249 562 OCTAVUS.
2586 550 2591 555 .
2730 499 2865 565 177

526 651 823 748 quando
874 651 1190 748 portabit
1240 672 1494 726 semen
1544 653 1832 728 arboris
1883 653 1975 727 ad
2025 653 2346 746 aliquam
2386 662 2672 747 partem
2709 656 2873 730 lon-

441 852 460 871 ,
523 773 899 870 ginquam,
936 772 1127 847 sicut
1177 772 1511 847 videmus
1562 773 1760 866 quod
1803 773 2172 847 interdum
2210 774 2433 847 arbor
2466 774 2867 851 domestica

526 892 893 987 reperitur
948 892 1019 965 in
1071 893 1298 988 sylva,
1357 893 1582 966 arbor
1642 893 2015 988 sylvestris
2076 893 2443 986 reperitur
2504 895 2577 969 in
2631 896 2874 970 horto.

525 1012 704 1087 Dicit
754 1033 976 1108 ergo:
1032 1016 1192 1085 Non
1252 1013 1600 1105 parrebbe
1641 1016 1767 1106 poi
1814 1015 2230 1104 meraviylia
2288 1016 2365 1087 di
2430 1004 2526 1106 ἰὰ,
2596 1015 2871 1090 scilicet

526 1133 599 1206 in
638 1133 914 1206 mundo
968 1139 1240 1227 nostro,
1274 1136 1465 1207 adico
1515 1141 1776 1225 quele,
1809 1133 2080 1208 scilicet
2115 1133 2310 1228 quod
2355 1140 2556 1210 terra
2606 1157 2739 1231 per
2788 1157 2872 1211 se

527 1252 882 1348 concipiat
934 1252 1090 1326 sine
1137 1251 1441 1345 semine,
1477 1256 1762 1345 quando
1809 1257 2065 1327 alcuna
2093 1257 2368 1349 piama,
2409 1255 2613 1350 idest,
2649 1257 2874 1330 arbor

526 1374 837 1466 novella,
891 1375 961 1444 vi
1006 1375 1063 1444 ε’
1090 1374 1427 1464 appiylia,
1482 1373 1686 1466 idest,
1738 1373 2049 1468 pullulat
2098 1373 2219 1466 ibi,
2254 1395 2473 1447 senza
2520 1397 2704 1450 seme
2725 1397 2870 1468 pa-

526 1496 685 1585 lese,
745 1491 951 1585 idest,
1013 1490 1421 1585 manifesto,
1480 1492 1675 1584 quod
1736 1498 2072 1588 patenter
2130 1501 2502 1589 appareat,
2561 1494 2654 1569 de
2719 1516 2868 1588 quo

527 1613 858 1687 homines
906 1611 1292 1705 mirantur,
1347 1611 1768 1707 ignorantes
1818 1632 2144 1705 causam,
2182 1613 2308 1687 sed
2350 1613 2599 1687 audita
2644 1634 2865 1688 causa

525 1753 673 1806 non
726 1732 1212 1824 mirarentur3
1266 1737 1340 1805 et
1381 1731 1480 1806 ita
1532 1737 1612 1804 tu
1664 1732 1912 1805 audita
1965 1751 2187 1806 causa
2246 1753 2394 1806 non
2453 1732 2676 1808 debes
2727 1733 2871 1806 mi-

524 1851 674 1925 rari
724 1852 782 1924 si
836 1857 1098 1925 ventus
1149 1851 1302 1925 sive
1356 1858 1600 1925 motus
1666 1852 1857 1925 aeris
1918 1858 2027 1926 est
2086 1872 2307 1925 causa
2369 1852 2864 1948 generationis

521 1971 899 2047 arborum.
954 1971 1043 2042 Et
1091 1970 1455 2044 concludit
1508 1978 1868 2065 quantum
1921 1971 2013 2044 ad
2065 1971 2204 2046 hoc
2245 1972 2425 2045 dans
2458 1992 2696 2045 unum
2732 1992 2866 2046 no-

522 2090 764 2184 tabile,
816 2089 1100 2165 dicens:
1155 2111 1193 2162 e
1239 2111 1452 2183 saper
1502 2093 1615 2164 dei
1663 2092 1781 2162 che
1831 2093 1906 2162 la
1954 2110 2355 2182 campayna
2384 2098 2619 2183 santa,
2656 2090 2864 2185 idest,

523 2212 655 2286 ista
709 2217 910 2286 terra
959 2211 1174 2306 plana
1224 2212 1459 2284 multo
1493 2210 1797 2285 fertilior
1831 2231 2058 2304 quam
2095 2212 2490 2306 Campania
2531 2232 2866 2305 romana,

523 2353 649 2405 ove
700 2339 768 2404 tu
815 2329 966 2405 se'e‘
1001 2335 1214 2424 piena
1262 2334 1332 2405 d’
1358 2334 1527 2423 oqui
1556 2352 1908 2423 semema,
1945 2331 2118 2425 quia
2153 2332 2420 2407 scilicet
2456 2332 2528 2406 in
2572 2353 2662 2408 ea
2697 2338 2870 2406 sunt

525 2451 858 2547 germina
910 2452 1243 2526 omnium
1285 2452 1675 2549 arborum,
1722 2450 1927 2543 idest,
1966 2451 2323 2524 virtutum
2377 2458 2453 2526 et
2500 2452 2869 2526 virtuosa-

529 2591 699 2644 rum
749 2571 1282 2665 operationum,
1336 2581 1402 2644 et
1445 2572 1540 2644 Ιια
1582 2576 1803 2665 fruito
1851 2573 1927 2643 in
1966 2592 2039 2643 se
2078 2573 2199 2643 che
2248 2591 2391 2643 non
2440 2575 2502 2643 ει·
2549 2574 2868 2644 schianta

525 2692 601 2763 di
649 2681 748 2781 ld,
800 2690 1003 2785 idest,
1055 2692 1181 2786 qui
1234 2713 1380 2766 non
1431 2691 1759 2785 carpitur
1809 2697 1881 2764 et
1932 2689 2292 2786 colligitur
2352 2690 2424 2762 in
2454 2682 2529 2782 (¹)
2586 2689 2866 2764 mundo

525 2817 771 2885 vestro
821 2810 1014 2884 inter
1054 2817 1158 2884 tot
1200 2810 1675 2885 turbationes,
1719 2809 2025 2883 Felicior
2060 2809 2256 2883 enim
2294 2816 2402 2883 est
2440 2809 2721 2883 fructus
2756 2810 2866 2883 la-

522 2931 845 3005 borantis
897 2931 1035 3004 sub
1087 2931 1381 3025 virtute,
1436 2951 1661 3024 quam
1716 2930 2113 3004 laborantis
2162 2930 2300 3003 sub
2352 2929 2665 3002 fortuna.

670 3055 745 3123 L’
764 3071 1011 3144 acqua.
1050 3052 1190 3125 Ista
1242 3058 1352 3125 est
1402 3058 1667 3145 quarta
1720 3058 1794 3125 et
1845 3051 2103 3124 ultima
2137 3041 2210 3142 (²)
2250 3050 2607 3145 particula
2643 3069 2870 3146 gene-

527 3169 718 3264 raliS‚
755 3170 826 3242 in
868 3191 1018 3263 qua
1064 3170 1453 3264 comitissa,
1488 3180 1780 3245 ostenso
1823 3170 2019 3244 unde
2053 3169 2289 3243 oritur
2325 3176 2587 3244 ventus
2623 3169 2695 3241 in
2736 3190 2868 3264 pa-

526 3290 764 3364 radiso
803 3290 1257 3385 deliciarum,
1295 3311 1491 3365 nunc
1527 3297 2065 3384 consequenter
2101 3290 2488 3385 respondet
2521 3290 2614 3365 de
2646 3310 2867 3384 aqua,

524 3409 911 3484 ostendens
963 3410 1159 3503 quod
1211 3411 1345 3484 ista
1395 3430 1589 3503 aqua
1643 3409 2087 3484 transcendit
2138 3415 2478 3483 naturam
2532 3409 2865 3483 omnium

525 3549 892 3624 aquarum
970 3530 1539 3623 mundanarum,
1610 3530 1838 3604 immo
1905 3535 2015 3604 est
2086 3529 2555 3603 immutabilis
2620 3536 2695 3604 et
2754 3530 2867 3603 in-

525 3647 910 3722 variabilis.
964 3650 1166 3724 Unde
1215 3649 1429 3723 dicit:
1484 3653 1557 3720 L’
1578 3668 1805 3741 acqua
1872 3652 1991 3721 che
2038 3652 2218 3739 vedi,
2269 3655 2417 3723 tam
2471 3670 2741 3743 puram
2791 3656 2865 3725 et

524 3768 838 3843 lucidam
893 3771 1030 3843 sub
1081 3770 1309 3844 oculis
1362 3770 1548 3862 tuis3
1604 3776 1764 3843 erat
1815 3768 2011 3843 enim
2066 3775 2279 3862 poeta
2333 3776 2509 3843 tunc
2568 3771 2641 3844 in
2708 3771 2863 3866 ripa

526 3890 841 3963 fluminis
890 3890 1181 3984 Lethaei,
1233 3910 1378 3962 non
1427 3911 1636 3981 sorae
1684 3891 1761 3962 di
1809 3909 2014 3982 vena,
2083 3889 2274 3962 sicut
2323 3895 2587 3964 vestrae
2648 3909 2865 3983 aquae

528 4010 904 4085 inferiores
955 4030 1085 4105 per
1136 4011 1656 4084 subterraneos
1707 4016 1997 4083 meatus
2048 4030 2093 4083 a
2145 4009 2355 4083 mari.
2411 4008 2613 4082 Sicut
2665 4009 2860 4083 enim

525 4131 600 4203 in
648 4131 1078 4225 corporibus
1139 4131 1403 4205 nostris
1468 4130 1765 4227 sanguis
1830 4129 2231 4204 effunditur
2295 4151 2340 4203 a
2405 4149 2616 4224 vena,
2670 4129 2768 4203 ita
2821 4150 2865 4203 a

523 4250 726 4325 venis
775 4257 994 4325 terrae
1047 4251 1249 4325 rivus
1299 4257 1375 4325 et
1422 4251 1701 4324 flumen
1752 4249 2185 4344 effunditur,
2222 4252 2364 4341 che,
2403 4249 2605 4344 idest,
2641 4271 2864 4345 quam

523 4389 811 4462 venam,
846 4373 1092 4443 ristori
1122 4391 1374 4462 vapor,
1409 4369 1614 4463 idest,
1653 4369 1988 4444 restituat
2024 4369 2280 4464 nubeS‚
2308 4373 2428 4442 che
2450 4373 2501 4443 ’l
2529 4374 2669 4462 yiel
2697 4392 2868 4444 con-

644 4555 700 4616 (')
722 4555 793 4608 E.
828 4556 881 4604 in
915 4557 1111 4608 mundo
1141 4562 1317 4609 vestro
1348 4560 1486 4609 inter
1517 4562 1595 4609 tot
1629 4557 2006 4618 tribulationes,
2039 4559 2192 4610 alitor
2224 4558 2560 4609 turbationes.

645 4630 700 4691 (²)
730 4632 791 4682 Β.
825 4631 1010 4683 ultima
1042 4647 1161 4697 pars
1192 4634 1451 4698 generalis
1481 4635 1635 4685 huius
1667 4633 1900 4698 capituli,
1934 4636 1984 4683 in
2017 4648 2140 4698 qua.

784 4737 860 4781 lv.
2550 4741 2602 4782 12
