3734 5567
1156 498 1436 554 CANTUs
1486 499 1865 554 vleEsmth
1914 498 2252 553 oc‘rAst.
2741 484 2878 550 175

527 666 712 718 cesse
761 648 1017 717 alcuna
1065 664 1334 735 querra
1381 647 1500 717 all’
1519 665 1754 736 uom0,
1802 642 2192 717 habitatori
2235 642 2453 716 huius
2496 641 2656 735 loci,
2695 640 2884 714 sicut

530 764 864 837 videmus
923 762 1118 857 quod
1185 763 1338 836 istae
1402 764 1916 859 impressiones
1979 761 2253 836 faciunt
2312 762 2589 835 bellum
2651 759 2883 835 conti-

530 904 764 956 nuum
820 889 894 957 et
957 882 1410 957 inexorabile
1473 882 1748 957 homini
1814 880 2166 956 habitanti
2230 881 2304 953 in
2372 886 2620 954 nostra
2684 886 2885 955 terra

531 1002 923 1077 habitabili.
976 1001 1183 1076 Unde
1231 1002 1439 1076 dicit:
1492 1025 1531 1076 e
1591 1003 1972 1093 liberonne,
2033 1002 2236 1095 idest,
2301 1000 2607 1075 altitudo
2675 1000 2883 1074 istius

533 1123 802 1196 montis
851 1122 1188 1198 liberavit
1240 1123 1614 1197 hominem
1669 1129 1743 1197 et
1795 1143 1918 1197 me
1952 1129 2026 1197 et
2066 1141 2324 1196 omnes
2376 1120 2754 1195 tendentes
2788 1120 2881 1195 ad

534 1241 882 1318 virtutem
907 1262 1041 1336 per
1068 1248 1307 1316 totum
1335 1243 1851 1339 purgatorium
1876 1244 1971 1317 ab
2000 1242 2199 1316 omni
2232 1242 2783 1337 perturbatione
2808 1233 2882 1332 (¹)

531 1361 677 1455 tali,
744 1365 842 1435 da
889 1365 1065 1453 indi,
1118 1363 1322 1457 idest,
1376 1363 1471 1436 ab
1533 1362 1686 1457 ipsa
1745 1369 1958 1457 porta
2018 1361 2422 1457 purgatorii
2483 1361 2690 1454 citra,
2757 1382 2885 1433 ove

532 1484 595 1554 si
638 1503 888 1575 serra,·
940 1482 1093 1578 ipse
1124 1473 1197 1575 (²)
1253 1503 1462 1556 mons
1513 1483 1608 1556 ab
1658 1482 1925 1578 angelo
1976 1481 2364 1576 clavigero.
2410 1481 2496 1553 Et
2547 1480 2665 1553 hic
2706 1484 2882 1553 nota

537 1601 733 1693 quod
770 1601 842 1674 in
897 1601 1029 1674 ista
1079 1602 1438 1696 particula
1489 1601 1657 1675 forti
1707 1608 1923 1696 poeta
1975 1621 2121 1673 non
2177 1601 2330 1672 vult
2389 1599 2586 1673 aliud
2637 1599 2885 1673 dicere

485 1732 498 1743 “
535 1721 1081 1815 sententialiter,
1121 1722 1255 1795 nisi
1309 1721 1505 1815 quod
1558 1722 1694 1795 iste
1744 1721 1949 1794 locus
1988 1720 2222 1793 factus
2272 1726 2385 1793 est
2421 1718 2884 1814 temperatis-

536 1839 767 1914 simus
817 1847 893 1915 et
941 1862 1301 1936 amoenus,
1339 1848 1424 1914 ut
1474 1844 1698 1915 homo
1750 1840 1966 1915 nullis
2016 1839 2687 1935 perturbationibus
2743 1839 2885 1912 im-

535 1959 820 2055 peditus
878 1960 1368 2055 spiritualibus
1419 1960 1692 2035 deliciis
1756 1960 2133 2034 frueretur
2168 1950 2267 2052 (³).
2319 1998 2418 2012 —
2475 1963 2599 2031 Or.
2673 1959 2885 2032 Nunc

535 2080 885 2154 Mathildis
934 2088 1226 2155 ostenso
1267 2101 1502 2175 quare
1538 2087 1801 2155 ventus
1833 2088 2088 2154 ‘noster
2121 2080 2237 2154 vel
2272 2079 2516 2173 aliqua
2567 2078 2710 2152 alia
2754 2098 2885 2173 pe-

538 2201 1006 2297 regrinarum
1060 2200 1624 2296 impressionum
1677 2221 1822 2274 non
1858 2200 2146 2296 attingit
2179 2201 2424 2273 locum
2464 2198 2683 2275 istum
2721 2218 2884 2271 ma-

543 2320 736 2395 xime
776 2321 1152 2415 quietum3
1188 2342 1386 2395 nunc
1420 2321 1738 2417 assignat
1773 2341 2028 2395 veram
2070 2340 2373 2393 causam
2417 2319 2622 2392 istius
2661 2318 2882 2412 venti,

538 2447 612 2515 et
663 2440 949 2515 videtur
1001 2440 1187 2516 velle
1236 2441 1484 2516 dicere
1533 2441 1607 2514 in
1660 2440 1928 2515 effectu
1995 2440 2192 2533 quod
2251 2439 2424 2533 quia
2486 2460 2698 2513 mons
2749 2438 2885 2512 iste

542 2561 1086 2654 superextendit
1136 2580 1495 2634 cacumen
1548 2579 1770 2633 suum
1807 2559 1881 2632 in
1915 2579 2092 2633 aere
2126 2558 2317 2651 vivo,
2355 2558 2482 2651 qui
2534 2557 2884 2632 continuo

539 2679 859 2754 volvitur
909 2699 1080 2753 cum
1133 2680 1601 2754 firmamento
1664 2679 1868 2773 coeli;
1932 2679 2096 2752 ideo
2162 2678 2324 2753 talis
2382 2684 2629 2750 motus
2691 2676 2885 2751 aeris

539 2800 935 2894 superioris
991 2807 1101 2875 est
1162 2821 1386 2875 causa
1448 2801 1607 2874 soni
1670 2800 1825 2874 sive
1886 2800 2104 2874 venti.
2160 2797 2267 2872 Ad
2319 2799 2608 2885 literam
2661 2818 2882 2893 ergo;

538 2919 710 3013 quia
769 2925 984 3015 poeta
1050 2927 1296 2994 noster
1355 2926 1641 3015 poterat
1701 2918 1948 2993 dicere
2007 2918 2121 2991 isti
2185 2917 2539 2992 dominae:
2594 2938 2641 2991 o
2691 2917 2885 2990 bona

539 3038 830 3133 femina,
883 3040 1055 3114 satis
1107 3040 1346 3113 dixisti
1397 3040 1572 3113 mihi
1627 3060 1860 3133 quare
1895 3044 2160 3113 ventus
2196 3044 2444 3111 noster
2487 3057 2634 3110 non
2667 3035 2885 3109 attin-

539 3159 642 3255 git
692 3159 905 3233 istam
956 3159 1441 3254 altitudinem,
1493 3159 1620 3235 sed
1672 3161 1811 3233 hoc
1862 3179 2009 3232 non
2062 3164 2174 3232 est
2224 3157 2421 3251 quod
2474 3162 2668 3251 peto,
2736 3155 2888 3230 imo

541 3280 803 3354 vellem
856 3280 1045 3356 scire
1094 3301 1396 3356 causam
1450 3281 1657 3354 istius
1707 3279 1906 3354 venti
1949 3278 2066 3352 hic
2098 3278 2192 3352 de
2234 3298 2384 3371 quo
2419 3277 2673 3350 miror.
2719 3276 2888 3351 Ideo

543 3400 893 3474 Mathildis
940 3401 1149 3476 dicit:
1224 3407 1328 3475 Or
1386 3405 1442 3474 il
1488 3402 1783 3491 cerchiO,
1836 3399 2043 3492 idest,
2094 3397 2415 3473 circulus
2465 3396 2655 3472 aeris
2716 3396 2887 3490 vivi,

541 3522 602 3591 si
648 3522 847 3611 volae
895 3528 1109 3611 rane,
1159 3520 1364 3615 idest,
1418 3519 1789 3613 velociter,
1842 3519 2013 3612 quia
2066 3517 2276 3611 quasi
2336 3516 2615 3590 nullam
2669 3515 2889 3589 habet

543 3638 1051 3743 resistentiam,
1113 3639 1301 3713 sicut
1366 3646 1615 3713 noster
1675 3660 1808 3713 aer
1880 3637 2203 3730 inferior,
2282 3637 2351 3710 d’
2377 3640 2586 3710 alczm
2655 3641 2889 3724 caum,

542 3778 769 3853 prope
819 3760 1119 3854 coelum,
1181 3754 1437 3851 perche*
1456 3762 1528 3831 'n
1577 3761 1890 3849 circuite,
1943 3758 2147 3851 idest,
2192 3756 2674 3848 circulariter,
2723 3761 2889 3827 tutto

543 3885 803 3971 quanto
836 3881 880 3951 ἴ
893 3900 1020 3951 aer
1054 3881 1120 3951 si
1153 3881 1349 3969 volae
1381 3898 1512 3950 con
1547 3880 1621 3949 la
1649 3879 1889 3968 prima
1930 3877 2141 3967 volta,
2179 3874 2384 3966 idest,
2438 3894 2610 3947 cum
2647 3873 2887 3968 primo

544 3997 832 4091 mobili3
885 3998 1072 4092 ideo,
1123 4000 1223 4070 tal
1261 4004 1473 4089 mole,
1509 3995 1778 4071 scilicet
1812 3994 2026 4088 aeris,
2068 3999 2392 4086 percuote
2440 3995 2517 4065 in
2553 3995 2761 4083 ques?
2779 3994 2891 4064 al-

546 4124 773 4208 tezza,
823 4117 1028 4212 idest,
1065 4118 1139 4191 in
1190 4118 1496 4214 sylvam,
1531 4136 1700 4210 quae
1735 4122 1846 4191 est
1882 4115 1954 4187 in
1990 4114 2126 4188 ista
2158 4112 2476 4208 planitie,
2529 4107 2692 4186 ch’d
2724 4118 2894 4185 tulta

546 4239 884 4330 disciolta,
943 4237 1148 4330 idest,
1200 4242 1453 4332 aperta
1505 4242 1578 4310 et
1629 4256 1776 4309 non
1819 4236 2069 4308 clausa
2110 4232 2266 4306 aliis
2308 4231 2704 4325 montibus,
2745 4235 2896 4306 nel-

548 4359 593 4429 ἴ
620 4377 784 4428 aere
832 4360 1017 4448 viv0,
1067 4355 1270 4450 idest,
1305 4376 1519 4451 puro,
1557 4355 1712 4429 sine
1755 4353 2074 4428 nubibus
2105 4340 2177 4444 (⁴)
2223 4352 2411 4445 ullis,
2465 4375 2502 4424 e
2545 4357 2630 4446 fa
2668 4374 2895 4426 sonar

670 4544 725 4611 (Ἴ
758 4544 821 4592 E·
854 4544 1165 4595 turbatione.
1673 4542 1728 4606 (²)
1761 4543 1825 4594 E.
1855 4543 2055 4592 scilicet
2083 4554 2235 4591 mons
2266 4541 2374 4603 ipse
2406 4540 2485 4590 ab.

670 4619 723 4681 (⁸)
759 4623 866 4681 11⁷,
899 4621 1074 4684 quiete
1107 4620 1389 4673 frueretur.
1677 4619 1730 4681 (⁸)
1765 4620 1826 4670 E.
1857 4620 1967 4671 nine
1999 4619 2223 4669 nubibus
2253 4621 2308 4668 et
2338 4617 2556 4677 nebulis,
2588 4630 2615 4666 e
2646 4617 2722 4679 fa.
