3734 5567
1137 501 1415 557 CANTUs
1465 502 1844 557 wensinus
1893 503 2259 558 SEP'rmus.
2728 491 2860 557 151

521 643 1092 739 extremitatem,
1126 645 1252 720 sed
1303 650 1691 740 postquam
1728 645 2061 740 pervenit
2092 645 2186 720 ad
2222 647 2470 719 locum
2512 646 2868 721 felicitatis

529 783 675 838 non
725 770 962 858 potest
1011 765 1326 860 amplius
1375 765 1662 841 cadere.

670 887 858 957 Poco
895 890 1132 976 polea.
1184 883 1325 958 Ista
1376 890 1486 959 est
1538 884 1749 959 tertia
1799 905 1970 978 pars
2019 884 2384 980 generalis
2432 885 2728 981 capituli
2794 884 2869 958 in

524 1024 674 1096 qua
723 1009 941 1098 poeta
993 1009 1241 1077 noster
1298 1003 1640 1078 describit
1689 1003 1943 1078 nobile
2006 1003 2401 1098 somnium,
2452 1003 2650 1097 quod
2703 1002 2871 1078 fecit

524 1125 600 1199 in
654 1124 775 1198 tali
825 1126 988 1198 loco
1039 1130 1115 1199 et
1165 1129 1538 1218 tempore3
1574 1122 1701 1198 sed
1733 1122 1973 1219 primo
2017 1122 2356 1198 describit
2390 1131 2680 1219 tempus
2717 1143 2868 1217 quo

525 1243 985 1337 obdormivit,
1040 1248 1121 1316 ut
1169 1243 1273 1317 sic
1322 1242 1724 1317 ordinatius
1784 1242 2122 1317 deveniat
2178 1244 2273 1318 ad
2333 1244 2727 1319 somnium.
2781 1245 2868 1317 Et

524 1365 682 1439 vult
731 1364 1053 1438 breviter
1103 1363 1371 1458 dicere,
1424 1361 1621 1456 quod
1673 1362 1863 1436 facta
1921 1370 2083 1437 erat
2141 1384 2313 1458 nox,
2366 1365 2539 1457 quia
2590 1366 2865 1439 coelum

525 1491 683 1560 erat
724 1484 882 1579 jam
935 1483 1326 1558 stellatum.
1379 1482 1585 1557 Unde
1617 1481 1824 1556 dicit:
1867 1487 2052 1555 Poco
2073 1490 2287 1575 polea
2314 1506 2539 1577 parer
2567 1479 2615 1558 ti
2648 1488 2764 1559 del
2792 1488 2868 1558 di

519 1606 753 1698 fuori,
795 1602 1005 1696 quasi
1056 1602 1270 1697 dicat,
1322 1622 1417 1677 ex
1468 1602 1590 1676 illa
1624 1602 1742 1676 via
1793 1608 1995 1676 recta
2037 1609 2373 1698 poteram
2413 1604 2663 1680 videre
2703 1625 2869 1678 mo-

525 1724 769 1798 dicum
824 1722 917 1797 de
964 1722 1176 1816 coelo,
1211 1722 1400 1796 sicut
1449 1722 1509 1796 si
1557 1722 1819 1816 aliquis
1869 1728 2059 1797 esset
2109 1723 2183 1796 in
2233 1731 2457 1818 puteo
2508 1731 2584 1798 et
2633 1723 2865 1818 respi-

528 1849 729 1918 ceret
777 1842 1076 1936 coelum,
1131 1861 1277 1916 non
1331 1841 1610 1917 videret
1645 1841 1779 1914 nisi
1814 1861 2121 1935 parvam
2174 1848 2456 1936 partem
2510 1842 2693 1936 eiuS,
2746 1863 2865 1916 ma

516 1984 652 2055 per
702 1964 859 2053 quel
897 1982 1078 2053 poco
1128 1963 1359 2035 vedev'
1381 1964 1453 2033 io
1504 1964 1566 2033 le
1611 1963 1798 2034 stelle
1845 1962 2082 2033 chiare
2136 1983 2174 2034 e
2222 1964 2576 2053 mayyiom'
2621 1964 2699 2035 di
2756 1965 2871 2035 lor

527 2086 768 2157 solere.
822 2081 1063 2156 Stellae
1104 2081 1540 2156 videbantur
1581 2080 1929 2154 clariores
1960 2080 2095 2154 sibi
2144 2087 2219 2156 et
2272 2082 2588 2156 maiores
2634 2082 2870 2176 solito,

529 2201 702 2296 quia
752 2207 912 2276 erat
965 2200 1265 2275 vicinior
1316 2201 1504 2274 coelo
1555 2206 1630 2275 et
1676 2200 1750 2272 in
1801 2200 1965 2274 loco
2017 2221 2207 2294 puro
2256 2222 2302 2275 a
2353 2201 2705 2275 nubibus,
2759 2200 2872 2274 di·-

529 2321 790 2395 stantia
841 2320 1039 2395 enim
1090 2319 1230 2393 loci
1281 2318 1450 2393 facit
1499 2320 1742 2394 stellas
1790 2319 2022 2393 videri
2072 2319 2436 2414 minimas,
2480 2341 2648 2416 quae
2697 2327 2872 2395 sunt

534 2441 610 2514 in
658 2460 739 2514 se
788 2440 1153 2513 maximae.
1209 2438 1413 2513 Unde
1463 2438 1742 2513 subdit.
1776 2441 1831 2512 il
1877 2459 2100 2511 sonno
2150 2443 2247 2512 mi
2284 2461 2493 2532 prese
2540 2433 2602 2513 si
2647 2443 2871 2513 rumi-

531 2563 800 2652 nando,
852 2560 926 2634 in
979 2565 1226 2634 mente
1278 2580 1467 2654 mea,
1517 2582 1556 2632 e
1615 2551 1676 2632 εὶ
1742 2561 2072 2633 mirando
2137 2563 2212 2633 in
2278 2563 2520 2652 quelle,
2576 2559 2868 2653 scilicet,

531 2679 778 2773 stellis,
810 2678 904 2753 ad
938 2701 1124 2773 quas
1173 2679 1524 2775 parabam
1556 2672 1631 2772 (¹)
1668 2678 1811 2753 cito
1844 2679 2270 2773 pervenire3
2313 2682 2368 2751 il
2395 2699 2648 2769 somw,
2683 2676 2867 2773 dico,

528 2802 649 2874 elce
691 2807 991 2891 sovente,
1025 2799 1229 2895 idest,
1272 2820 1487 2895 saepe,
1523 2821 1610 2872 sa
1660 2803 1722 2873 le
1767 2802 2034 2872 novelle
2066 2802 2235 2871 anzi
2271 2800 2391 2871 che
2414 2802 2466 2870 ’l
2504 2799 2683 2893 sacto
2715 2801 2827 2871 sia
2838 2825 2869 2891 ,-

530 2919 702 3014 quia
737 2924 950 3014 poeta
1001 2919 1075 2991 in
1127 2919 1263 2993 isto
1314 2939 1574 2993 somno
1618 2918 1785 2993 fecit
1811 2909 1887 3010 (²)
1931 2917 2300 2991 somnium
2336 2937 2601 2991 verum
2644 2935 2871 3011 super

528 3059 613 3113 re
660 3044 864 3113 certa
914 3044 989 3112 et
1037 3037 1530 3135 praecogitata,
1582 3058 1756 3111 cum
1805 3036 2230 3111 denotasset
2287 3056 2382 3111 ex
2431 3036 2595 3110 altis
2645 3036 2871 3132 apici-

529 3159 667 3231 bus
716 3158 1120 3254 pulcriores
1167 3179 1262 3235 ex
1319 3158 1585 3252 quibus
1636 3162 2064 3233 contexeret
2124 3177 2390 3232 novam
2455 3158 2865 3232 materiam.

530 3280 826 3352 -Nell’
852 3299 1009 3351 ora.
1075 3278 1284 3352 Nunc
1350 3283 1565 3373 poeta
1628 3275 1971 3352 describit
2036 3275 2275 3371 ipsum
2338 3276 2735 3371 somnium,
2798 3277 2873 3350 in

531 3418 681 3494 quo
731 3397 937 3494 fingit
984 3418 1065 3473 se
1117 3397 1377 3472 vidisse
1409 3397 1799 3472 mulierem
1842 3397 2175 3491 pulcram
2212 3401 2286 3470 et
2318 3395 2662 3492 pudicam
2696 3417 2875 3471 can-

533 3523 830 3592 tantem.
896 3517 1005 3592 Ad
1074 3518 1624 3614 intelligentiam
1691 3522 1943 3592 autem
2022 3516 2227 3590 istius
2293 3516 2755 3592 nobilissimae
2798 3505 2873 3608 (³)

534 3637 861 3732 fictioniS,
912 3659 1081 3732 quae
1144 3637 1637 3712 communiter
1707 3637 1900 3711 male
1967 3636 2380 3732 exponitur,
2447 3644 2558 3712 est
2633 3636 2874 3733 primo

531 3758 931 3852 sciendum,
984 3757 1182 3851 quod
1231 3762 1444 3852 poeta
1493 3756 1834 3832 describit
1884 3755 2001 3828 hic
2049 3756 2336 3830 occulte
2403 3755 2873 3850 praeclarissi-

533 3899 733 3953 mam
771 3877 1212 3952 comitissam
1249 3877 1680 3971 Mathildim3
1719 3875 1884 3951 ideo
1920 3895 2053 3969 pro
2087 3874 2452 3972 exigentia
2486 3875 2592 3949 rei
2627 3875 2874 3969 aliqua

533 3997 1048 4095 compendiose
1096 3998 1357 4092 dicam,
1410 3996 1798 4072 exordiens
1847 3996 1943 4069 ab
1977 3993 2200 4090 ipsius
2234 4000 2426 4067 ortu.
2476 3993 2642 4066 Fuit
2690 4012 2874 4089 ergo

535 4117 834 4212 quidam
887 4118 1145 4193 nobilis
1178 4118 1513 4214 princeps
1562 4117 1655 4191 de
1703 4116 2033 4211 partibus
2083 4114 2361 4188 Tusciae
2404 4115 2477 4188 in
2517 4114 2870 4190 comitatu

534 4239 811 4314 lucensi
844 4245 1078 4334 ortus,
1113 4238 1412 4313 studens
1452 4238 1569 4312 sui
1605 4236 1919 4311 nominis
1951 4235 2264 4332 gloriam
2300 4235 2675 4331 ampliare.
2730 4235 2874 4332 Igi-

538 4364 663 4433 tur
710 4359 1334 4456 longobardorum
1388 4358 1569 4433 fines
1602 4357 1998 4453 ingressus,
2037 4357 2305 4429 multas
2339 4355 2688 4450 civitates,
2726 4361 2878 4430 ter-

659 4620 713 4681 (2)
746 4623 853 4679 117,
886 4622 1175 4685 sperabam.
1424 4619 1479 4683 (¹)
1511 4619 1572 4669 13.
1604 4617 1743 4669 facit.
1996 4616 2049 4680 (⁸)
2086 4621 2195 4679 11⁷,
2228 4616 2586 4668 subtilissime.
