3734 5567
1373 454 1653 508 CANTUS
1702 454 1992 508 ramus,
2713 441 2851 508 303

511 601 751 695 tertio,
788 599 963 693 quia
1013 587 1398 692 nunquam
1443 598 1899 692 fulminatur,
1950 597 2050 671 ita
2101 596 2303 671 nulla
2338 596 2470 690 viS,
2512 602 2853 692 potestaS,

513 722 630 796 vel
664 726 990 795 vetustas
1025 723 1263 813 potest
1297 717 1546 792 delere
1578 718 1851 791 famam
1894 716 2226 790 istorum.
2254 716 2342 789 Et
2378 723 2571 811 nota,
2601 717 2854 810 lector,

516 839 715 935 quod
775 838 1014 913 solum
1084 837 1235 913 duo
1304 857 1581 935 genera
1652 836 2037 911 hominum
2102 854 2452 910 coronam
2520 837 2852 911 lauream

511 958 1151 1056 promerebantur,
1205 956 1498 1052 scilicet,
1552 955 1912 1051 principes
1946 954 2480 1048 triumphantes
2514 961 2589 1030 et
2622 963 2858 1050 poetae

517 1079 949 1154 scribentes:
1004 1099 1098 1153 ex
1159 1098 1309 1174 quo
1369 1078 1718 1173 colligere
1778 1084 1988 1172 potes
2051 1075 2249 1170 quod
2313 1077 2514 1151 nulla
2581 1077 2855 1151 artium

515 1201 650 1276 fuit
701 1219 1031 1294 unquam
1091 1204 1380 1272 tantum
1446 1199 1806 1272 honorata
1871 1203 1952 1271 ut
2010 1196 2267 1292 poesis,
2334 1196 2520 1271 Nam
2579 1196 2862 1292 antiqui

515 1318 1021 1414 sapientissimi
1071 1317 1310 1412 primo
1361 1316 1607 1414 graeci,
1650 1317 1912 1391 deinde
1946 1315 2232 1390 romani
2267 1317 2589 1392 cultores
2624 1316 2861 1391 virtu-

518 1445 702 1532 tum,
754 1437 1254 1532 scientiarum,
1305 1438 1581 1533 legum,
1633 1457 1933 1511 morum
1997 1442 2070 1510 et
2131 1435 2465 1510 omnium
2529 1437 2864 1512 laudabi-

519 1559 698 1632 lium
750 1557 1122 1631 bonorum
1172 1556 1573 1631 voluerunt
1625 1564 1707 1630 ut
1757 1561 1994 1651 poetae
2043 1556 2204 1650 pari
2265 1556 2570 1650 praemio
2624 1558 2861 1631 hono·

521 1684 863 1753 rarentur
940 1697 1115 1751 cum
1180 1675 1623 1772 principibus
1673 1676 2095 1753 victoribus
2174 1676 2335 1750 Non
2411 1696 2592 1772 ergo
2668 1676 2864 1751 dicat

519 1798 818 1892 aliquis:
861 1803 935 1873 et
968 1796 1163 1874 unde
1188 1803 1298 1871 est
1333 1796 1532 1892 quod
1560 1798 1714 1871 haec
1741 1796 2041 1872 scientia
2078 1802 2187 1870 est
2226 1796 2443 1871 hodie
2477 1796 2574 1871 ita
2611 1797 2865 1892 negle-

525 1924 664 2012 cta,
692 1918 821 1992 nisi
860 1918 1032 2012 quia
1058 1918 1210 1993 visa
1251 1923 1361 1993 est
1397 1917 1690 2012 inutilis,
1721 1917 2161 1992 inhonesta?
2210 1918 2427 1992 Certe
2450 1919 2592 1993 hoc
2616 1919 2854 1993 solum

525 2037 691 2112 fecit
740 2037 1047 2112 avaritia
1098 2045 1172 2113 et
1222 2038 1511 2136 ignavia
1563 2038 2117 2133 modernorum,
2156 2038 2328 2132 quia
2370 2059 2567 2113 nunc
2617 2041 2859 2114 solum

522 2164 828 2232 vacatur
876 2158 1269 2233 commodo
1320 2158 1703 2252 lucrativo,
1742 2157 1939 2232 unde
1975 2158 2172 2254 viget
2214 2158 2597 2233 decretalis
2629 2161 2862 2234 hono-

529 2286 734 2352 ratur
785 2284 858 2353 et
908 2279 1348 2353 sublimatur
1388 2300 1522 2374 per
1556 2277 1992 2372 sacerdoteS,
2027 2278 2120 2352 de
2154 2300 2307 2373 quo
2341 2287 2557 2374 poeta
2596 2279 2867 2356 Dantes

526 2399 1007 2492 conqueritur
1043 2398 1159 2472 hic
1199 2403 1273 2471 et
1321 2398 1512 2472 alibi.
1549 2397 1866 2473 Ulterius
1900 2399 2072 2473 volo
2107 2405 2182 2473 te
2215 2400 2403 2474 scire
2437 2400 2635 2494 quod
2677 2400 2868 2476 sicut

531 2517 786 2591 laurus
827 2517 1051 2591 arbor
1086 2517 1340 2591 Phoebi
1388 2517 1701 2592 dabatur
1744 2517 1976 2613 poetis
2026 2517 2101 2590 in
2152 2518 2540 2613 praemium
2585 2520 2865 2594 studio·

531 2658 724 2730 rum,
776 2635 877 2710 ita
926 2635 1200 2711 hedera
1235 2635 1459 2709 arbor
1500 2636 1760 2712 Bacchi
1795 2637 2188 2731 aliquando
2228 2637 2544 2712 dabatur
2587 2639 2861 2714 eisdem

527 2756 777 2851 poetis,
831 2777 999 2850 quae
1051 2762 1162 2831 est
1220 2755 1447 2831 calida
1500 2757 1718 2831 valde
1760 2762 1835 2832 et
1897 2757 2313 2832 firmissime
2364 2757 2688 2833 adhaeret
2739 2780 2865 2833 ar-

527 2876 828 2951 boribus
878 2882 953 2951 et
1002 2875 1237 2949 muris
1272 2896 1460 2969 quos
1494 2881 1735 2950 rectos
1762 2870 1838 2968 (¹)
1875 2882 2096 2951 tenet.
2134 2877 2255 2950 Est
2294 2881 2545 2951 autem
2598 2877 2871 2953 hedera

532 3016 623 3071 ex
678 3017 824 3071 una
877 3002 1085 3091 parte
1119 2994 1403 3091 pallida,
1439 2996 1636 3089 quod
1682 2994 2038 3092 significat
2085 2995 2436 3090 pallorem
2475 3002 2865 3091 poetarum

532 3138 626 3191 ex
660 3116 888 3190 nimio
922 3116 1186 3211 studio,
1223 3136 1313 3191 ex
1351 3115 1583 3190 altera
1617 3115 1888 3210 viridiS,
1926 3115 2123 3211 quod
2156 3115 2512 3213 significat
2545 3115 2874 3193 viridita-

532 3242 679 3311 tem
733 3235 969 3308 famae.
1023 3234 1230 3310 Unde
1278 3235 1676 3309 Martianus
1736 3235 2027 3330 Capella
2079 3235 2152 3310 in
2204 3235 2391 3309 libro
2452 3235 2546 3311 de
2608 3237 2876 3332 nuptiis

532 3354 869 3430 Mercurii
933 3353 1138 3449 dicit,
1212 3353 1410 3448 quod
1483 3354 1885 3449 HomeruS,
1951 3353 2331 3452 Virgilius,
2407 3355 2670 3451 LinuS,
2736 3356 2863 3430 Or-

535 3477 787 3571 pheuS,
823 3481 898 3550 et
931 3475 1246 3548 Musaeus
1290 3480 1503 3548 erant
1552 3474 1792 3549 ornati
1826 3475 2139 3550 hedera:
2192 3475 2506 3552 dabatur
2538 3480 2612 3550 et
2653 3476 2868 3550 tertio

533 3595 674 3670 alia
709 3614 983 3668 corona
1018 3594 1271 3689 poetiS,
1308 3593 1601 3689 scilicet,
1638 3613 1732 3668 ex
1768 3595 2088 3689 myrtho,
2124 3614 2294 3688 quae
2333 3600 2445 3669 est
2477 3595 2701 3669 arbor
2736 3594 2878 3670 Ve-

534 3714 732 3792 neris
771 3713 865 3789 ad
906 3712 1422 3788 insinuandum
1466 3714 1790 3790 calorem
1829 3714 2099 3811 ingenii
2133 3721 2520 3809 poetarum
2556 3722 2631 3790 et
2664 3736 2878 3790 amo-

535 3856 693 3910 rem
746 3833 873 3929 qui
922 3853 1215 3928 semper
1245 3824 1318 3926 (²)
1359 3834 1593 3908 fervet
1642 3833 1717 3907 in
1766 3833 2184 3929 pectoribus
2236 3853 2532 3927 eorum3
2570 3834 2688 3908 vel
2723 3835 2876 3909 ola-

538 3955 827 4029 ritatem
877 3961 1294 4049 poetarum,
1345 3954 1520 4048 quia
1571 3954 1817 4029 Venus
1869 3960 1979 4029 est
2029 3953 2428 4028 clarissima
2478 3955 2707 4049 stella,
2746 3956 2878 4030 ,vel

544 4072 714 4164 quia
764 4081 980 4168 poeta
1029 4072 1275 4148 divino
1328 4066 1645 4169 quodam
1701 4073 1964 4169 spiritu
2025 4074 2548 4168 inflammatur,
2615 4081 2697 4149 ut
2764 4082 2877 4152 te-

541 4195 775 4263 statur
807 4192 1105 4266 Tullius.
1143 4193 1251 4268 Ad
1285 4193 1570 4269 literam
1617 4214 1832 4292 ergo:
1876 4194 2146 4269 Dantes
2182 4215 2274 4269 ex
2315 4215 2585 4292 magna
2612 4195 2877 4272 fiducia

539 4305 655 4381 sui
713 4306 982 4404 ingenii
1043 4318 1420 4407 tamquam
1483 4320 1697 4407 poeta
1769 4335 2086 4411 magnus
2149 4315 2505 4410 promittit
2572 4316 2879 4412 Apollini

664 4492 720 4554 (Ἰ
752 4492 814 4542 Ε.
847 4498 1020 4544 rectos
1051 4494 1245 4546 dicunt.
1276 4498 1356 4548 Ex
1387 4498 1489 4549 hoc
1521 4504 1713 4549 autem.

661 4569 717 4635 (²)
748 4569 800 4621 S.
832 4583 865 4621 c
895 4570 960 4623 Ε.
990 4584 1197 4636 semper
1228 4574 1435 4626 ferbuit.
1454 4602 1516 4615 —
1534 4580 1582 4636 4,
1617 4576 1825 4628 reu-vult.
