3734 5567
1086 537 1365 592 camus
1412 537 1842 592 'rmGEsmus
1891 538 2216 593 TER-nus.
2668 529 2807 595 273

471 710 609 763 nus
659 686 917 782 eripiet
943 677 1018 776 (¹)
1071 683 1205 757 sibi
1255 684 1564 778 plumas,
1617 681 1821 775 idest,
1876 684 2318 777 temporales
2376 684 2685 781 divitias,
2737 692 2812 761 et

467 808 662 883 dabit
711 807 1123 882 libertatem
1175 802 1519 877 ecclesiae.
1575 802 1662 875 Et
1718 801 2045 876 declarat
2105 802 2345 898 ipsum
2406 805 2808 900 principem

469 928 802 1019 futurum
856 923 996 997 sub
1049 922 1411 997 velamine
1473 922 1901 1016 verborum,
1953 921 2239 997 dicens:
2301 926 2403 996 ch’
2426 926 2499 997 io
2563 928 2810 1015 veym'o

468 1052 902 1138 certamence,
944 1044 1003 1117 si
1038 1049 1234 1117 astra
1285 1062 1430 1115 non
1485 1040 1965 1134 mentiuntur,
2007 1063 2046 1113 e
2073 1035 2255 1135 perd
2286 1046 2344 1118 ie
2369 1065 2627 1138 narra,
2668 1045 2809 1119 sci-

469 1166 638 1240 licet
687 1164 811 1238 tibi
864 1170 947 1237 ut
998 1167 1205 1236 notes
1254 1167 1327 1235 et
1377 1160 1672 1254 scribas,
1724 1150 1849 1251 yid
1896 1163 2083 1234 stelle
2123 1166 2539 1256 propinque,
2600 1164 2805 1257 idest,

470 1283 1091 1358 constellationem
1144 1301 1312 1376 quae
1370 1281 1512 1355 erit
1578 1280 1670 1354 de
1729 1280 2103 1375 proxim03
2155 1282 2407 1357 dicunt
2456 1285 2679 1379 aliqui
2730 1286 2804 1360 in

469 1409 694 1479 aetate·
732 1403 1108 1496 saturnali,
1160 1420 1330 1496 quae
1379 1400 1705 1475 reditura
1766 1405 1878 1474 est
1937 1399 2125 1474 sicut
2184 1403 2407 1490 ‚rediit
2474 1411 2806 1501 tempore

468 1522 800 1618 Augusti,
851 1522 1099 1616 stellae,
1150 1521 1337 1614 dic0,
1388 1523 1614 1593 sic-ure
1659 1522 1730 1592 d'
1754 1523 1923 1610 oym'
1967 1523 2278 1614 intoppo,
2328 1522 2511 1598 idest
2541 1515 2641 1618 (¹),
2678 1545 2807 1599 oc-

469 1663 716 1736 cursu,
767 1663 805 1714 e
872 1644 941 1715 d’
967 1645 1138 1733 oqui
1199 1641 1486 1729 sbarm,
1536 1638 1740 1731 idest,
1800 1660 1846 1712 a
1902 1643 2540 1738 transversamine,
2594 1645 2803 1737 quasi

465 1761 678 1855 dicat,
730 1782 1049 1855 quarum
1112 1759 1481 1834 influentia
1534 1758 1708 1832 nibil
1776 1760 2041 1853 poterit
2096 1761 2398 1838 obviare
2447 1766 2567 1837 vel
2620 1763 2802 1837 roei—

467 1888 685 1974 stere,
737 1902 786 1953 a
833 1883 1060 1953 darae
1108 1887 1357 1972 tempo,
1407 1878 1599 1972 felix,
1650 1880 1768 1951 nel
1814 1882 2042 1970 quale,
2101 1880 2393 1973 scilicet,
2446 1887 2805 1977 tempore,

467 2021 565 2073 un
612 2003 1042 2091 cinquecento
1104 2002 1290 2072 diece
1345 2020 1384 2071 e
1439 2001 1707 2089 amque,
1771 1995 1976 2090 idest,
2030 2018 2223 2071 unus
2273 1999 2466 2094 dux;
2522 2022 2694 2076 nam
2745 2002 2806 2074 D

468 2119 696 2194 semel
759 2119 1032 2215 positus
1097 2117 1292 2214 apud
1350 2117 1846 2191 arithmeticos
1917 2117 2270 2213 significat
2339 2118 2805 2216 quingentos,

470 2240 528 2312 V
580 2239 923 2335 importat
971 2239 1322 2333 quinque,
1359 2238 1425 2310 X
1458 2237 1739 2329 decem,
1783 2241 1858 2311 et
1892 2236 2048 2309 istae
2086 2241 2238 2311 tres
2270 2236 2500 2311 literae
2535 2239 2805 2312 consti-

469 2363 688 2431 tuunt
721 2358 913 2431 istud
955 2377 1226 2431 nomen
1275 2356 1451 2450 dux,
1494 2376 1716 2428 messe
1755 2358 1833 2428 di
1872 2359 2032 2447 Dio,
2074 2356 2191 2430 bic
2225 2363 2334 2430 est
2367 2357 2488 2431 ille
2527 2358 2804 2432 veltrus

468 2478 752 2574 sapiens
793 2479 1061 2572 justus,
1101 2476 1195 2550 de
1229 2496 1379 2570 quo
1431 2481 1630 2549 tanta
1680 2475 1830 2549 dixi
1880 2475 2117 2570 primo
2152 2476 2468 2571 capitulo
2510 2477 2800 2572 Inferni,

469 2586 806 2669 anciderd
856 2600 928 2668 la
972 2599 1152 2690 suia,
1206 2595 1496 2689 scilicet,
1550 2595 2016 2669 meretricem
2079 2615 2450 2691 magnam,
2509 2597 2802 2691 scilicet,

466 2715 965 2812 praelationem
1018 2722 1397 2810 pastorum
1439 2715 1787 2808 ecclesiae,
1826 2735 2149 2808 quorum
2205 2736 2397 2790 uxor
2446 2722 2557 2789 est
2606 2716 2799 2811 lupa,

468 2838 539 2911 in
589 2838 692 2913 eis
743 2837 939 2911 enim
990 2836 1188 2932 viget
1236 2835 1577 2909 avaritia:
1634 2840 1708 2909 et
1756 2835 1859 2909 sic
1908 2834 2077 2908 dicit
2140 2835 2333 2910 idem
2400 2837 2472 2909 in
2537 2834 2799 2910 effectu

465 2960 538 3033 in
588 2959 726 3032 isto
776 2945 1034 3031 ultimo
1085 2956 1404 3051 capitulo
1454 2955 1865 3051 Purgatorii
1929 2954 2123 3049 quod
2188 2955 2366 3029 dixit
2430 2955 2503 3029 in
2567 2955 2811 3050 primo

464 3077 770 3169 Inferni,
820 3097 952 3149 con
1002 3077 1160 3167 quel
1203 3078 1511 3166 maante,
1564 3074 1855 3168 scilicet,
1900 3095 2078 3172 rege
2127 3075 2472 3170 Franciae,
2528 3078 2648 3149 che
2679 3077 2804 3148 de-

465 3201 694 3289 linque
740 3216 872 3268 con
919 3198 1028 3288 lei,
1069 3194 1275 3288 idest,
1309 3201 1561 3290 peccat
1609 3214 1862 3269 secum
1916 3195 2357 3271 fornicand0.
2373 3236 2474 3250 —
2494 3202 2554 3270 Ε
2583 3200 2801 3290 forse.

464 3317 594 3391 Hic
626 3314 916 3389 Beatrix
970 3320 1274 3387 excusat
1324 3333 1406 3387 se
1453 3314 1547 3388 de
1580 3314 1895 3388 obscura
1928 3313 2408 3410 descriptione
2442 3316 2615 3410 quia
2657 3315 2805 3389 cito

465 3435 708 3510 veniet
740 3432 1067 3522 effectus,
1104 3431 1231 3525 qui
1273 3431 1671 3506 declarabit
1710 3432 1869 3507 eius
1909 3433 2181 3508 dictum
2224 3435 2566 3528 dubium3
2606 3434 2804 3509 unde

464 3554 671 3629 dicit:
726 3558 791 3625 E
828 3555 1025 3645 forse
1071 3553 1192 3623 che
1239 3553 1313 3623 la
1344 3555 1745 3624 narrazion
1793 3556 1937 3624 mia
1968 3553 2154 3643 buia,
2207 3553 2411 3645 idest,
2456 3553 2801 3645 obscura,

465 3695 620 3747 men
669 3675 720 3745 ei
756 3673 1132 3764 persuade,
1197 3669 1401 3763 idest,
1453 3671 1844 3766 persuadet
1903 3692 2024 3746 me
2072 3672 2196 3745 tibi
2248 3672 2585 3765 obscure,
2637 3675 2806 3764 qual

475 3795 660 3867 Temi
707 3813 746 3864 e
794 3793 1042 3883 Sfinqe.
1095 3787 1206 3862 Ad
1263 3790 1402 3863 hoc
1460 3789 2007 3886 intelligendum
2068 3790 2289 3865 debes
2352 3790 2541 3864 scire
2602 3790 2799 3883 quod

465 3913 752 3989 Themis
818 3911 955 3985 fuit
1015 3910 1189 3985 olim
1255 3911 1755 4006 sacerdotissa,
1820 3932 1988 4006 quae
2049 3911 2266 3986 dabat
2317 3930 2659 4004 responsa
2725 3910 2797 3981 in

464 4044 716 4110 monte
764 4034 1088 4108 Parnaso
1138 4031 1350 4105 valde
1399 4031 1753 4105 obscura:
1790 4031 1988 4105 unde
2023 4038 2183 4126 post
2229 4032 2403 4106 illud
2436 4030 2794 4105 diluvium

463 4152 905 4248 particulare
954 4150 1152 4245 quod
1205 4152 1337 4225 fuit
1386 4150 1559 4225 olim
1621 4151 1695 4224 in
1745 4149 2025 4225 Graecia
2087 4150 2456 4245 respondit
2515 4151 2798 4224 Deuca-

463 4269 636 4344 lioni
672 4270 826 4365 regi
861 4276 935 4344 et
967 4271 1267 4367 Pyrrhae
1317 4271 1478 4345 eius
1531 4270 1744 4344 uxori
1785 4269 2329 4345 consulentibus
2367 4269 2460 4344 de
2496 4290 2798 4365 repara-

466 4389 666 4464 tione
712 4389 1095 4463 hominum
1129 4390 1583 4486 perditorum
1619 4410 1712 4464 ex
1746 4411 1965 4485 aqua,
2005 4391 2201 4485 quod
2237 4391 2605 4485 jactarent
2636 4409 2797 4465 ossa

584 4647 640 4708 (¹)
671 4647 734 4698 B·
769 4649 951 4713 cipiet.
1448 4650 1504 4713 (³)
1537 4652 1599 4703 Ε.
1632 4651 1778 4711 idest,
1811 4652 2041 4703 incursu.

580 4779 583 4783 Δ
728 4753 804 4797 lv.
2222 4767 2237 4778 ·
2480 4758 2530 4799 18
