3734 5567
1144 490 1420 546 CAN‘rus
1470 492 1901 547 ‘rmensnuus
1950 493 2271 546 munus.
2729 484 2820 547 27
2827 484 2869 548 7

536 636 623 709 sti
674 637 930 729 altum,
996 639 1266 725 dorme,
1316 617 1518 728 idest,
1574 635 1860 709 videtur
1913 635 2229 729 sopitum
2283 639 2355 708 et
2420 634 2870 729 hebetatum,

532 777 607 828 se
654 776 800 828 non
845 758 1105 846 istima,
1155 755 1359 847 idest,
1413 754 1889 847 coniecturat,
1925 756 2037 844 lei,
2072 753 2276 848 idest,
2328 752 2594 827 dictam
2649 754 2872 829 arbo-

537 894 717 967 rem,
770 895 959 946 esser
1008 880 1200 947 tanto
1249 876 1532 963 eccelsa,
1585 873 1790 966 idest,
1843 872 2063 946 altam
2128 879 2488 966 quantum
2546 874 2692 946 dixi
2747 875 2873 948 tibi

535 1013 758 1087 supra
810 992 1127 1088 capitulo
1178 992 1534 1088 proximo,
1588 993 1714 1066 ubi
1764 993 1912 1066 dixi
1964 993 2162 1086 quod
2220 993 2503 1067 excedit
2552 993 2873 1068 altitudi-

537 1133 705 1187 nem
759 1112 1092 1186 omnium
1144 1111 1498 1185 arborum
1551 1112 1789 1206 ludim,
1841 1108 1885 1186 e*
1937 1104 1997 1184 εὶ
2057 1117 2360 1186 travolca
2420 1115 2604 1185 nella
2662 1117 2871 1203 eima,

538 1233 709 1325 quia
760 1232 980 1306 habet
1033 1252 1277 1305 ramos
1327 1238 1756 1306 recurvatos
1797 1232 1891 1305 ad
1932 1237 2209 1306 terram
2251 1253 2381 1327 per
2417 1235 2867 1307 contrarium

535 1359 957 1426 nostrarum
993 1351 1371 1444 arborum,
1399 1372 1534 1443 per
1566 1353 1890 1441 sinyular
1929 1355 2219 1441 capione
2232 1377 2264 1444 ,·
2306 1352 2610 1426 altitudo
2645 1354 2872 1446 siqui-

533 1470 701 1545 dem
753 1471 1039 1545 arboris
1089 1471 1308 1544 huius
1342 1470 1609 1566 figurat
1650 1470 1849 1563 quod
1883 1470 2180 1546 scientia
2216 1471 2344 1545 Dei
2380 1476 2488 1545 est
2522 1472 2869 1548 altissima

538 1591 609 1663 in
659 1591 1060 1684 infinitum3
1115 1590 1473 1665 revolutio
1524 1596 1777 1664 autem
1815 1589 2084 1686 figurat
2125 1591 2323 1684 quod
2357 1593 2602 1664 nullus
2637 1599 2875 1686 potest

533 1711 931 1787 ascendere
963 1713 1078 1785 vel
1113 1710 1476 1806 attingere
1509 1710 1600 1783 ad
1634 1709 1832 1783 illam
1875 1709 2370 1804 altitudinem3
2425 1711 2622 1787 unde
2654 1713 2869 1807 primi

535 1837 874 1926 parentes
925 1831 1096 1924 quia
1152 1831 1545 1905 voluerunt
1595 1829 1782 1904 scire
1835 1831 1995 1924 plus
2045 1837 2120 1904 et
2170 1830 2385 1904 altius
2420 1852 2643 1924 quam
2681 1837 2870 1906 esset

537 1951 641 2025 eis
666 1949 1128 2044 permissum,
1157 1969 1250 2024 ex
1277 1950 1654 2024 altitudine
1681 1949 1998 2024 scientiae
2028 1957 2341 2024 ruerunt
2369 1950 2438 2023 in
2475 1950 2687 2025 istam
2716 1951 2871 2025 val-

539 2070 681 2144 lem
718 2069 1164 2165 ignorantiae.
1201 2069 1290 2141 Et
1330 2068 1570 2142 subdit
1603 2089 1903 2142 causam
1942 2068 2368 2163 ignorantiae
2405 2077 2660 2164 poetae,
2697 2070 2870 2163 quia

537 2189 827 2283 scilicet,
892 2188 1176 2263 vacavit
1224 2188 1383 2262 aliis
1446 2188 1760 2263 scientiis
1812 2188 2056 2283 vanis3
2120 2209 2287 2283 quae
2339 2188 2871 2264 induraverunt

538 2315 857 2383 mentem
913 2329 1125 2381 suam
1163 2328 1256 2383 ne
1289 2314 1766 2403 cognosceret
1801 2307 1935 2381 ista
1970 2308 2234 2381 divina.
2271 2307 2538 2382 Ordina
2582 2308 2867 2383 literam

539 2429 677 2503 sic:
729 2450 766 2501 e
798 2431 1253 2501 conosceresci
1285 2430 1358 2500 la
1389 2430 1714 2518 qiustizia
1747 2430 1822 2501 di
1854 2431 1993 2500 Dio
2025 2430 2205 2502 nello
2237 2431 2625 2519 ἱπιενάειιο,
2661 2427 2870 2521 quasi

537 2547 762 2622 dicat:
800 2554 874 2622 et
907 2567 1354 2642 cognoscere
1385 2567 1632 2642 posses
1668 2547 1864 2640 quod
1888 2548 2090 2642 juste
2120 2549 2317 2624 Deus
2351 2548 2582 2624 vetuit
2614 2568 2870 2622 ascen·

539 2688 703 2741 sum
740 2667 944 2740 istius
975 2667 1278 2760 arboriS,
1307 2673 1380 2741 et
1402 2668 1602 2761 juste
1635 2667 1916 2762 punivit
1949 2668 2432 2762 expoliatores
2466 2668 2659 2762 eius3
2698 2690 2867 2743 nam

539 2785 904 2861 interdixit
952 2785 1125 2872 Adae
1176 2807 1272 2861 ne
1304 2785 1724 2861 comederet
1763 2787 1855 2861 de
1897 2787 2142 2861 fructu
2184 2786 2372 2860 illius
2421 2787 2512 2861 ad
2560 2787 2872 2863 innuen·

536 2905 711 2978 dum
784 2905 983 2998 quod
1043 2925 1306 2978 manus
1369 2905 1941 2980 inobedientium
2010 2926 2156 2979 non
2224 2907 2711 2981 extendantur
2777 2907 2869 2981 ad

536 3029 811 3099 tantam
877 3025 1406 3119 excellentiam,
1459 3026 1645 3099 sicut
1705 3026 2068 3121 superbus
2126 3027 2463 3101 curiosus
2520 3027 2645 3120 qui
2710 3027 2869 3101 vult

536 3163 793 3237 sapere
842 3145 1231 3237 plusquam
1303 3151 1611 3239 oportet.
1666 3145 1834 3220 Ideo
1901 3146 2108 3220 dicit:
2180 3168 2217 3218 e
2276 3146 2318 3219 l’
2344 3148 2538 3220 alber-
2601 3150 2872 3221 moral-

539 3270 799 3355 mente,·
849 3264 1004 3337 haec
1056 3264 1251 3338 enim
1303 3264 1527 3338 arbor
1579 3263 1880 3359 fingitur
1931 3264 2003 3337 in
2054 3265 2177 3341 tali
2219 3266 2457 3340 forma
2507 3272 2580 3340 et
2630 3266 2869 3362 figura

534 3392 790 3458 contra
842 3383 1146 3457 modum
1197 3384 1508 3458 aliarum
1551 3384 1905 3458 arborum
1949 3392 2246 3480 propter
2284 3406 2584 3460 causam
2621 3407 2871 3461 mora-

537 3502 680 3576 lem
721 3503 877 3596 jam
930 3504 1395 3600 assignatam.
1442 3503 1596 3578 Alia
1629 3510 1880 3579 autem
1920 3525 2142 3580 causa
2183 3526 2351 3599 quae
2385 3506 2672 3581 videtur
2708 3528 2870 3581 ma-

535 3622 645 3717 gis
691 3623 1045 3698 naturalis
1093 3624 1455 3720 assignata
1505 3624 1642 3698 fuit
1692 3646 1938 3719 supra,
1978 3626 2154 3719 quia
2205 3626 2495 3719 scilicet,
2539 3627 2696 3701 haec
2745 3648 2871 3701 ar-

536 3741 671 3815 bor
720 3741 941 3816 habet
990 3743 1267 3817 radices
1318 3742 1391 3815 in
1442 3742 1627 3817 ooelo
1687 3749 1760 3817 et
1823 3724 2071 3817 ramos
2119 3765 2376 3820 versus
2441 3751 2744 3838 terram,
2792 3752 2871 3820 et

535 3859 632 3933 ita
682 3860 1112 3936 alimentum
1165 3862 1384 3937 habet
1429 3883 1478 3937 a
1525 3863 1715 3936 coelo
1765 3862 1894 3935 ubi
1941 3861 2103 3936 aliae
2151 3863 2456 3937 arbores
2506 3862 2773 3937 habent
2824 3883 2869 3938 e

533 3979 948 4073 contrari03
1002 4001 1140 4072 per
1209 3988 1391 4054 tante
1447 3984 1878 4054 oia-costanze
1933 3984 2334 4073 solamente,
2394 3987 2575 4074 quot
2634 3980 2870 4055 vidisti

532 4104 609 4171 et
655 4097 1029 4191 audivisti3
1084 4118 1256 4173 nam
1308 4099 1871 4174 circumstantiae
1914 4100 2229 4173 multum
2272 4099 2546 4174 faciunt
2592 4100 2686 4174 ad
2736 4120 2866 4175 oo·-

532 4215 927 4311 gnitionem
981 4218 1170 4311 facti,
1222 4240 1296 4291 se
1334 4222 1387 4292 ἡ·
1405 4222 1690 4312 pensier
1723 4222 1916 4311 vani,
1953 4219 2156 4316 idest,
2194 4220 2253 4294 si
2287 4220 2448 4293 aliae
2481 4239 2685 4293 curae
2718 4226 2870 4296 tuae

533 4334 730 4409 circa
779 4335 1111 4411 scientias
1161 4338 1550 4413 saeculares
1583 4345 1657 4414 et
1690 4339 2006 4415 honores
2042 4340 2503 4436 temporam,
2538 4359 2683 4412 ηωι
2716 4342 2870 4433 sos·-

527 4475 648 4528 ser
693 4458 857 4527 stati
903 4476 1128 4548 acqua
1160 4461 1229 4533 α’
1255 4462 1421 4532 Elsa
1458 4462 1742 4532 intorno
1776 4461 1925 4532 alla
1956 4467 2077 4533 tua
2110 4468 2355 4553 mente,
2390 4459 2600 4554 quasi
2632 4459 2866 4534 dicat:

531 4595 678 4649 non
729 4573 1189 4654 indurassent
1237 4579 1566 4654 animum
1619 4586 1835 4652 tuum
1871 4579 2057 4654 sicut
2088 4602 2286 4676 aqua
2325 4581 2511 4655 Elsae
2560 4580 2866 4656 indura-
