3734 5567
1354 500 1633 557 cmws
1681 502 2014 557 munus.
2720 493 2862 563 379

514 647 651 722 ista
701 666 882 721 vero
931 665 1198 741 parum
1260 646 1501 720 fuerat
1530 637 1629 739 (¹).
1684 647 1952 739 Tertio,
2003 648 2176 741 quia
2236 648 2655 725 Constantia
2717 672 2864 726 non

515 767 773 844 habuit
836 775 1178 862 parentes
1245 773 1589 862 cogentes
1656 786 1824 841 eam
1892 765 2083 841 sicut
2131 768 2508 864 Picbarda,
2556 770 2684 845 sed
2743 793 2865 846 so·-

518 890 673 962 lum
727 886 1205 962 sacerdotem.
1256 886 1561 979 Quarto,
1612 886 1784 981 quia
1839 887 2076 960 maior
2136 888 2494 984 sanguine
2548 889 2866 965 debebat

519 1007 782 1084 maiori
831 1007 1080 1082 animo
1131 1006 1398 1100 dicere,
1453 1006 1639 1080 sicut
1700 1006 1881 1080 dixit
1937 1006 2268 1083 Susanna
2324 1010 2566 1104 pravis
2618 1031 2866 1086 sacer-

518 1129 826 1204 dotibus.
882 1127 968 1200 Et
1016 1125 1357 1200 describit
1407 1125 1635 1221 ipsam
1689 1147 1734 1200 a
1797 1125 2093 1201 nomine
2156 1128 2449 1222 proprio
2508 1135 2584 1204 et
2645 1138 2859 1224 partu

521 1247 852 1342 mirificO,
903 1247 1190 1321 dicens:
1242 1254 1480 1338 questa
1528 1243 1571 1320 e*
1615 1248 1689 1318 la
1739 1249 1911 1337 luce,
1945 1246 2151 1340 idest,
2186 1247 2429 1321 anima
2472 1249 2861 1343 luminosa,

519 1371 704 1443 della
768 1387 961 1460 qran
1016 1371 1392 1457 Costanza,
1447 1365 1916 1459 imperatrice
1976 1387 2482 1461 romanorum,
2561 1371 2682 1441 che
2752 1374 2870 1444 del

517 1491 816 1562 secondo
867 1494 1068 1560 vento
1114 1489 1193 1559 di
1249 1491 1501 1578 Soave,
1572 1486 1775 1580 idest,
1842 1507 1936 1561 ex
1999 1486 2312 1562 Henrico
2361 1487 2444 1581 V,
2506 1481 2766 1579 genero
2812 1492 2870 1562 il

521 1614 738 1702 ωηο,
795 1606 1001 1701 idest,
1035 1606 1487 1681 Fridericum
1524 1606 1607 1700 11,
1644 1627 1683 1678 e
1714 1609 2018 1679 talama
2058 1628 2462 1700 possanza,·
2500 1629 2669 1683 nam
2706 1607 2865 1681 Fri-

519 1726 811 1802 dericus
851 1727 909 1799 11
960 1726 1095 1800 fuit
1152 1727 1694 1820 potentissimus
1756 1726 2091 1801 omnium
2152 1726 2561 1822 principum
2621 1749 2668 1802 a
2725 1729 2866 1803 Ca-

522 1849 681 1923 rolo
730 1849 991 1944 Magno
1041 1847 1245 1920 citra.
1298 1848 1387 1920 Et
1439 1846 1554 1920 bic
1605 1854 1776 1920 nota
1828 1846 2026 1940 quod
2078 1853 2291 1941 poeta
2344 1848 2597 1942 pulcre
2650 1853 2866 1923 vocat

521 1968 918 2065 superbam
969 1966 1365 2062 potentiam
1417 1973 1493 2042 et
1543 1987 1806 2041 vanam
1862 1967 2173 2063 gloriam
2215 1967 2467 2041 mundi
2518 1975 2864 2060 ventum3

521 2095 598 2163 et
645 2087 1014 2182 potissime
1065 2087 1197 2161 ista
1248 2086 1512 2161 domus
1563 2085 1854 2161 Sueviae
1890 2086 2024 2160 suit
2066 2087 2268 2160 velut
2317 2094 2580 2161 ventus
2614 2093 2864 2161 auster

520 2208 862 2282 terribilis
906 2208 1210 2282 turbans
1246 2226 1594 2281 serenum
1629 2226 1885 2281 aerem
1920 2211 1994 2280 et
2029 2205 2296 2280 faciens
2331 2226 2638 2302 magnas
2675 2212 2866 2279 stra-

518 2348 673 2425 geS,
723 2329 851 2402 sed
901 2327 1044 2401 cito
1094 2327 1456 2402 deficiens.
1502 2326 1793 2400 Primus
1842 2346 2026 2421 ergo
2076 2333 2340 2400 ventus
2390 2325 2679 2400 Sueviae
2732 2326 2866 2399 fuit

521 2446 993 2521 Fridericusl
1044 2445 1277 2520 dictus
1327 2446 1821 2539 Barbarussa3
1875 2446 2242 2520 secundus
2291 2446 2676 2540 HenricuS,
2725 2466 2861 2519 no-

522 2566 721 2641 mine
778 2565 1114 2660 quintus3
1183 2565 1443 2639 tertius
1518 2565 1932 2640 Fridericus
1982 2567 2073 2660 11,
2149 2566 2278 2659 qui
2349 2566 2485 2639 fuit
2557 2566 2863 2639 ultimus

521 2685 917 2780 imperator
968 2684 1062 2759 de
1111 2685 1331 2758 domo
1381 2685 1688 2760 Sueviae.
1742 2684 1936 2759 Gens
1986 2686 2181 2760 enim
2233 2704 2636 2759 suevorum
2690 2705 2853 2758 ma-

524 2805 718 2878 xima
776 2804 966 2879 bello
1018 2810 1091 2878 et
1148 2804 1644 2898 potentissima
1696 2805 2028 2878 omnium
2087 2824 2619 2901 germanorum
2683 2803 2854 2876 olim

520 2923 675 3018 fuit,
716 2929 798 2996 ut
838 2924 1068 3018 patuit
1119 2943 1251 3018 per
1301 2923 1576 2997 Julium
1630 2924 1949 3017 Celsum,
1987 2931 2059 2998 et
2101 2944 2298 2998 nunc
2337 2943 2497 2998 esse
2537 2922 2862 3025 creditur

521 3052 605 3119 ut
654 3044 824 3118 dicit
874 3045 1290 3118 Petrarcha.
1328 3044 1433 3119 De
1472 3044 1763 3118 duobus
1796 3044 2179 3119 Fridericis
2213 3045 2340 3139 qui
2376 3043 2679 3119 fuerunt
2715 3044 2863 3117 duo

521 3163 824 3238 flumina
875 3164 1041 3238 belli
1094 3184 1329 3259 pauca
1394 3163 1511 3239 bic
1574 3164 1757 3258 dico,
1813 3164 1988 3259 quia
2047 3167 2277 3239 multa
2309 3156 2384 3257 (²)
2446 3164 2635 3239 dicta
2696 3171 2866 3237 sunt

520 3285 595 3357 in
646 3284 934 3358 inferno
984 3289 1058 3358 et
1106 3284 1564 3381 PurgatoriO.
1620 3286 1705 3358 Et
1767 3285 2136 3359 concludit
2193 3292 2434 3378 autor,
2487 3283 2685 3378 quod
2747 3282 2865 3356 Pi-

520 3405 789 3479 cbarda
852 3404 1148 3479 recessit
1210 3425 1380 3479 curn
1453 3412 1699 3500 cantu,
1749 3405 2042 3480 dicens:
2096 3399 2237 3479 cosi
2281 3408 2687 3498 partommi,
2741 3404 2860 3477 illa

521 3524 872 3599 Picbarda
907 3525 998 3600 de
1032 3544 1112 3598 se
1162 3530 1237 3598 et
1270 3525 1712 3620 Constantia,
1754 3546 1791 3598 e
1823 3529 1950 3618 poi
1990 3518 2360 3599 comincid:
2385 3532 2556 3615 Ave,
2592 3526 2864 3614 Maria,

519 3647 902 3735 cantando,
939 3644 1097 3718 talis
1143 3644 1378 3718 oratio
1413 3644 1603 3719 bene
1636 3645 2092 3741 congruebat
2131 3644 2250 3718 tali
2289 3644 2571 3740 virgini,
2604 3665 2642 3715 e
2690 3664 2865 3715 can-

520 3767 740 3839 tando
800 3756 1037 3855 υαηίο,
1104 3763 1310 3857 idest,
1370 3762 1746 3858 disparuit,
1805 3785 1850 3838 a
1902 3764 2138 3856 simili,
2206 3785 2399 3836 come
2453 3784 2584 3854 per
2635 3782 2864 3854 acqua

517 3909 698 3981 cupa
747 3907 914 3959 cosa
945 3907 1190 3977 grave.
1229 3886 1426 3960 Bene
1460 3884 1650 3979 dicit,
1688 3886 1859 3977 quia
1899 3885 2034 3960 ista
2069 3884 2337 3959 mulier
2370 3883 2654 3978 pudore
2688 3903 2865 3978 gra-

519 4008 627 4081 vis
676 4006 1030 4102 disparuit
1063 4006 1136 4078 in
1171 4025 1482 4100 corpore
1516 4004 1711 4078 lunae
1745 4004 2028 4099 frigido,
2066 4003 2366 4078 humido
2408 4002 2607 4078 velut
2643 4021 2862 4095 aqua.

520 4131 744 4199 —La
795 4130 994 4201 vista.
1047 4125 1177 4200 Hic
1227 4125 1488 4218 ultimo
1540 4131 1758 4199 autor
1800 4124 2058 4199 finiens
2098 4123 2499 4217 capitulum
2552 4119 2864 4195 ostendit

523 4246 891 4340 quomodo
941 4244 1388 4320 converterit
1424 4264 1504 4319 se
1537 4243 1630 4317 ad
1674 4264 1937 4318 novam
1992 4242 2400 4336 materiam,
2435 4241 2723 4316 dicens:
2764 4244 2867 4312 La

524 4367 699 4438 vista
749 4369 918 4453 mia,
971 4365 1173 4459 idest,
1226 4364 1625 4459 speculatio
1692 4362 2219 4456 intellectualis,
2287 4365 2406 4435 che
2468 4365 2541 4435 la
2603 4352 2862 4451 semeio,

646 4626 699 4686 (')
732 4625 793 4676 E.
826 4624 1078 4676 firmarat.
1576 4624 1633 4687 (⁸)
1666 4624 1728 4674 E.
1761 4624 1926 4674 multa
1957 4622 2023 4673 de
2054 4624 2133 4673 bis
2164 4622 2317 4673 dicta.
