3734 5567
1086 493 1367 558 CANTus
1415 505 1846 584 ‘rmoEsnuus
1896 507 2222 561 ‘mm-ms.
2670 496 2811 563 269

470 655 630 722 mae
662 669 701 720 e
730 654 918 737 secte,
956 647 1144 720 sicut
1179 647 1572 744 magnifica
1607 650 1902 724 domina
1938 650 2310 746 praemittit
2344 652 2476 725 sibi
2522 653 2813 747 pulcras
2936 675 2943 682 ’

464 768 744 864 puellas
795 765 1089 866 quando
1138 768 1416 842 accedit
1465 767 1558 843 ad
1610 769 1855 843 locum
1892 771 2307 864 honestum,
2343 793 2382 844 e
2430 792 2654 845 mosse
2704 793 2813 845 me

463 892 649 981 dopo
714 909 814 976 se,
865 886 1157 979 scilicet,
1212 894 1296 961 ut
1360 896 1804 982 sequeretur
1865 909 2057 984 eam,
2120 894 2269 964 solo
2329 895 2808 981 accennando,

464 1008 668 1100 idest,
719 1007 876 1081 solo
926 1014 1112 1080 nutu
1164 1008 1335 1101 oris,
1391 1029 1535 1082 non
1587 1010 1817 1084 verbo
1873 1011 2157 1084 vocavit
2211 1032 2332 1085 me
2387 1019 2545 1107 post
2579 1033 2681 1107 se,
2717 1012 2809 1087 de

465 1147 615 1221 quo
666 1126 1034 1222 potissime
1096 1146 1356 1201 curam
1409 1128 1737 1223 gerebat,
1790 1150 1828 1200 e
1878 1133 1953 1203 la
1984 1115 2270 1222 donna,
2311 1131 2604 1226 scilicet,
2657 1133 2808 1205 Ma-

464 1246 768 1340 thadim,
795 1267 962 1339 quae
999 1245 1315 1320 habebat
1347 1248 1751 1322 custodiam
1779 1250 2027 1344 sylvae,
2056 1250 2244 1341 sicut
2277 1252 2572 1326 Beatrix
2626 1272 2801 1325 cur-

463 1388 616 1461 rus,
666 1389 705 1440 e
756 1369 814 1439 il
855 1370 1081 1459 savio,
1149 1367 1442 1460 scilicet,
1501 1368 1839 1462 Statium,
1891 1372 2009 1443 che
2073 1373 2350 1464 ristecte,
2418 1372 2806 1446 recedente

462 1487 799 1585 Virgili03
853 1507 1023 1560 nam
1075 1487 1345 1561 Statius
1395 1493 1555 1582 post
1605 1488 1905 1561 exilium
1962 1495 2064 1563 tot
2112 1492 2559 1565 saeculorum
2606 1512 2803 1565 nunc

463 1608 743 1682 redibat
780 1607 849 1679 in
886 1608 1218 1702 patriam.
1256 1608 1343 1680 Et
1377 1608 1619 1681 subdit
1653 1607 2024 1701 quomodo
2058 1609 2472 1684 invitaverit
2499 1605 2571 1702 (¹)
2628 1631 2801 1685 eum

462 1727 868 1822 specialiter
932 1726 1024 1801 ad
1092 1727 1544 1820 loquendum
1611 1748 1889 1821 secum,
1957 1728 2201 1802 dicens
2261 1729 2799 1804 continuative:

461 1841 603 1920 cosi
648 1869 770 1920 sen
819 1850 1012 1937 yiva,
1055 1847 1173 1920 illa
1215 1846 1506 1920 Beatrix
1541 1867 1714 1920 cum
1758 1847 1894 1921 illis
1927 1848 2504 1942 praecedentibus
2546 1858 2620 1924 et
2665 1870 2798 1923 no-

331 1966 336 1970 ’
458 1967 568 2041 bis
617 1966 1112 2061 sequentibus,
1173 1989 1212 2040 e
1284 1988 1430 2039 non
1487 1970 1698 2040 credo
1761 1969 1881 2040 che
1944 1970 2012 2040 lo
2071 1971 2332 2042 decimo
2389 1991 2517 2042 suo
2573 1991 2807 2062 passo

451 2091 642 2181 fosse
687 2090 763 2161 in
814 2095 1007 2160 terra
1062 2094 1296 2180 posto,
1350 2087 1560 2181 quasi
1610 2088 1822 2181 dicat,
1885 2094 1958 2162 et
2019 2089 2388 2163 modicum
2449 2092 2789 2164 ambula-

455 2212 664 2280 verat
715 2212 1098 2300 postquam
1155 2215 1557 2282 recesserat
1606 2227 1651 2280 a
1703 2209 1947 2302 planta
1988 2208 2203 2301 J'uxta
2269 2231 2496 2303 quam
2551 2210 2791 2305 primo

453 2326 771 2418 sedebat,
797 2330 1081 2419 quando
1116 2331 1212 2399 mi
1236 2348 1563 2420 percosse
1586 2330 1687 2418 qli
1720 2330 1936 2417 occki,
1965 2328 2233 2402 scilicet
2270 2349 2495 2421 meOS,
2525 2351 2658 2403 con
2688 2333 2788 2420 ,qli

454 2448 667 2535 occlti,
694 2445 963 2520 scilicet
995 2446 1168 2539 suis,
1197 2447 1403 2540 quasi
1432 2446 1622 2519 dicat
1650 2447 1845 2539 quod
1883 2446 2170 2520 Beatrix
2202 2448 2303 2521 sic
2340 2448 2787 2523 ambulando

454 2564 724 2640 iterum
779 2564 1176 2638 retroflexit
1225 2586 1305 2639 se
1356 2571 1430 2640 et
1482 2574 1665 2638 nutu
1718 2572 1792 2639 et
1842 2565 2097 2658 verbo,
2134 2571 2216 2639 ut
2268 2566 2605 2641 redderet
2666 2587 2789 2642 me

452 2691 837 2759 attentum.
899 2684 1097 2759 Unde
1146 2685 1353 2759 dicit:
1407 2710 1444 2759 e
1493 2689 1589 2758 mi
1644 2688 1825 2758 disse
1876 2706 2009 2758 con
2065 2689 2441 2778 tranquillo
2500 2694 2788 2778 aspetw,

451 2804 656 2898 idest,
694 2804 1009 2900 benigno
1053 2804 1252 2898 visu,
1289 2804 1417 2877 ubi
1458 2806 1697 2900 primo
1741 2804 2124 2879 videbatur
2158 2805 2342 2879 irata
2378 2811 2453 2879 et
2502 2806 2787 2879 inflam-

449 2932 672 3018 mata,
709 2945 904 2999 nunc
955 2924 1144 3000 sacta
1193 2932 1354 2998 erat
1404 2925 1724 3019 placata:
1770 2924 1887 2999 vel
1922 2924 2328 2998 secundum
2369 2925 2587 2999 aliam
2625 2924 2791 2998 iite-

448 3064 634 3136 ram,
701 3052 953 3116 contra
1010 3046 1233 3134 quello
1284 3052 1571 3136 aspeuo,
1642 3045 1846 3136 idest,
1923 3044 2016 3118 ad
2080 3044 2781 3139 contemperandum

447 3170 820 3258 aspectum
879 3163 1200 3259 primum
1241 3163 1578 3259 rigidum,
1618 3165 1986 3238 narrando
2042 3165 2217 3237 mihi
2267 3165 2654 3240 vindictam
2692 3164 2787 3238 de

447 3283 673 3376 brevi,
727 3287 880 3356 vien
919 3279 1046 3376 pi&
1114 3290 1314 3373 tosto,
1384 3283 1533 3357 ibat
1599 3283 1792 3357 enim
1862 3289 2077 3379 poeta
2135 3284 2675 3378 aliquantulum
2737 3305 2779 3357 a

447 3404 661 3499 longe
710 3410 871 3498 post
918 3423 1083 3478 eam
1139 3424 1274 3498 pro
1343 3403 1598 3477 maiori
1663 3404 2101 3497 reverentia,
2157 3411 2348 3476 tanto
2410 3406 2530 3476 che
2579 3410 2649 3476 tu
2696 3406 2784 3476 sii

446 3524 574 3595 ben
639 3525 942 3614 disposta
1005 3527 1106 3596 ad
1161 3521 1592 3616 ascoltarmi,
1662 3523 2313 3618 appropinquando
2378 3524 2577 3617 mihi,
2628 3526 2684 3595 ,ς’
2709 3526 2781 3596 io

435 3646 655 3737 parto
705 3651 875 3734 teco,
922 3643 980 3716 si
1031 3665 1165 3739 pro
1216 3644 1424 3738 quia;
1478 3664 1651 3717 nam
1703 3644 1872 3717 volo
1924 3644 2166 3737 aliqua
2219 3643 2463 3718 dicere
2515 3643 2638 3717 tibi
2688 3644 2779 3717 ad

443 3763 1010 3839 consolationem
1064 3764 1172 3837 tui
1222 3771 1297 3838 et
1348 3764 1664 3837 aliorum
1701 3762 2095 3837 zelantium
2147 3768 2417 3836 statum
2453 3763 2779 3837 ecciesiae

442 3886 592 3960 Dei.
649 3886 733 3958 Et
785 3884 980 3958 addit
1029 3890 1241 3978 poeta
1295 3884 1486 3977 quod
1538 3883 1830 3958 Beatrix
1885 3882 2137 3956 videns
2180 3902 2350 3956 eum
2395 3883 2636 3956 adhuc
2688 3882 2781 3953 ti-

443 4005 724 4079 midum
776 4013 850 4079 et
901 4005 1202 4079 tacitum
1240 4003 1592 4098 praevenit
1623 4003 1716 4076 ad
1758 4001 2151 4096 petendum
2195 4000 2602 4096 praestando
2644 3999 2778 4072 sibi

440 4126 870 4218 audaciam3
921 4125 1115 4199 unde
1164 4123 1372 4198 dicit:
1427 4130 1502 4197 et
1558 4124 1679 4197 ilia
1729 4122 2051 4216 Beatrix‚
2091 4124 2372 4195 dissemi
2417 4122 2780 4192 siccom’io

431 4248 542 4340 fin·
572 4248 746 4318 com’
759 4249 830 4318 io
855 4249 1125 4318 doveva
1147 4266 1330 4332 seco,
1357 4243 1566 4337 quasi
1610 4242 1826 4337 dicat,
1863 4263 2036 4317 cum
2073 4261 2309 4316 essem
2339 4241 2573 4314 sactus
2604 4260 2780 4335 pro-

436 4366 755 4461 pinquus
794 4364 948 4456 sibi,
984 4365 1081 4438 ita
1135 4363 1332 4459 quod
1381 4383 1668 4458 possem
1722 4364 1911 4438 bene
1955 4361 2360 4459 intelligere
2395 4361 2622 4436 verba
2665 4361 2776 4436 Ιο-

560 4625 616 4688 (¹)
647 4625 707 4675 E.
741 4625 1005 4689 quomodo
1036 4626 1285 4677 invitavit.
