3734 5567
985 479 1125 543 412
1766 483 2177 538 COMENTUM
2229 484 2562 537 mmmm

980 631 1189 706 valde
1238 630 1420 724 cito;
1473 621 1614 719 cosi
1662 648 2084 719 corremmO,
2138 627 2339 720 idest,
2401 647 2626 700 cursu
2700 625 3156 721 intravimus,
3220 633 3343 701 nel

963 753 1272 858 [secondo
1322 769 1570 842 re9n0,
1626 748 1831 842 idest,
1867 748 2144 821 coelum
2180 746 2541 821 Mercurii.
2581 746 2669 819 Et
2712 747 2939 843 tangit
2974 768 3327 845 magnam

975 869 1542 967 pulcritudinem
1577 867 1951 960 Beatricis,
1991 867 2277 942 dicens:
2314 869 2501 958 quivi
2532 868 2670 939 vid'
2695 869 2765 938 io
2800 870 2872 939 Ia
2907 870 3145 941 donna
3180 871 3329 941 mia

973 985 1035 1065 si
1082 994 1269 1084 licta,
1326 990 1489 1083 plus
1538 987 1771 1081 solito,
1823 987 1996 1082 quia
2035 987 2269 1083 magis
2302 986 2624 1061 ascendit
2656 986 2749 1060 ad
2794 988 3097 1083 maiora,
3130 1010 3327 1062 come

974 1115 1093 1185 nel
1137 1114 1316 1183 lume
1363 1112 1440 1182 di
1486 1111 1646 1199 quel
1678 1111 1828 1199 ciel,
1864 1108 2156 1201 scilicet,
2193 1106 2559 1200 Mercurii,
2590 1109 2654 1178 si
2683 1108 2876 1197 mise,
2911 1110 3032 1179 che
3057 1103 3179 1201 piel
3212 1111 3327 1181 lu-

976 1238 1160 1306 cente
1208 1252 1283 1302 se
1332 1251 1419 1302 ne
1476 1232 1566 1323 se’
1599 1231 1654 1301 il
1702 1231 2017 1321 pianela,
2069 1229 2268 1322 quia,
2320 1228 2612 1320 scilicet,
2677 1228 2931 1302 lumen
2991 1228 3321 1303 additum

969 1358 1087 1427 est
1138 1350 1416 1424 lumini.
1471 1349 1559 1422 Et
1608 1349 1849 1422 subdit
1913 1356 2128 1443 poeta
2186 1347 2671 1421 mutationem
2732 1347 2845 1420 sui
2906 1368 3225 1445 arguens
3272 1371 3325 1424 a

975 1472 1263 1566 minori,
1314 1471 1600 1545 dicens:
1653 1491 1690 1542 e
1738 1492 1813 1542 se
1863 1473 1937 1544 la
1985 1473 2209 1559 stella,
2262 1468 2530 1543 scilicet
2591 1469 2932 1543 Mercurii
2992 1490 3155 1562 quae
3206 1477 3327 1544 aet

974 1614 1201 1691 parva
1253 1602 1329 1668 et
1377 1613 1644 1687 parum
1695 1593 1920 1685 clara,
1971 1594 2035 1663 si
2082 1582 2349 1663 cambio
2413 1612 2451 1661 e
2506 1592 2675 1681 rise,
2738 1589 2912 1685 quia
2970 1590 3157 1665 facta
3207 1597 3330 1665 est

972 1714 1262 1808 clarior,
1313 1715 1484 1805 qual
1529 1714 1626 1785 mi
1668 1715 1920 1807 sec'iO,
1972 1711 2178 1806 quasi
2233 1711 2463 1784 dicat:
2507 1711 2739 1784 multo
2791 1711 3024 1807 magis
3073 1718 3326 1785 muta-

972 1842 1089 1908 tus
1140 1856 1306 1908 sum
1360 1840 1432 1907 et
1481 1832 1717 1906 factus
1768 1832 2058 1926 clarior,
2111 1835 2228 1904 che
2265 1853 2412 1924 pur
2451 1834 2530 1904 di
2576 1834 2721 1904 mia
2769 1838 3031 1904 natura
3082 1839 3324 1906 &ans-

969 1956 1288 2027 mulabile
1335 1973 1466 2025 son
1505 1973 1643 2045 per
1694 1958 1852 2025 tutte
1897 1954 2138 2042 quise!
2190 1951 2363 2046 quia
2415 1972 2582 2024 sum
2636 1951 2964 2025 mortalis
3008 1953 3321 2047 recepti-

969 2074 1130 2148 bilis
1180 2072 1418 2146 omnis
1467 2071 1882 2164 influentiae,
1937 2071 2061 2144 ubi
2114 2072 2318 2147 stella
2379 2078 2488 2145 est
2551 2071 3177 2166 impermutabilis.
3231 2073 3323 2145 Et

972 2194 1087 2267 bic
1137 2197 1309 2265 nota
1358 2191 1549 2265 bene
1600 2191 1796 2283 quod
1848 2192 2104 2285 pulcre
2144 2198 2362 2265 autor
2397 2192 2537 2264 hoc
2582 2190 2784 2286 fingit
2824 2191 2996 2285 quia
3032 2192 3321 2266 Mercu-

971 2311 1124 2383 rius
1176 2316 1284 2383 est
1335 2310 1824 2384 convertibilis
1879 2317 2162 2384 naturae
2213 2311 2497 2385 medius
2547 2317 2623 2385 et
2673 2309 3111 2403 indifferens,
3158 2312 3318 2385 talis

970 2431 1268 2524 qualem
1320 2430 1534 2505 vicini
1585 2431 1895 2525 planetae
1945 2431 2431 2527 permiserint,
2485 2438 2560 2505 et
2611 2432 3140 2526 potentioribus
3188 2453 3313 2508 co-

969 2552 1200 2625 haeret
1229 2543 1326 2642 (⁴).
1398 2549 1567 2625 Ideo
1616 2551 1807 2626 bene
1866 2551 2131 2627 dicitur
2194 2553 2392 2626 Deus
2452 2552 2911 2647 eloquentiae,
2964 2571 3055 2626 eo
3117 2554 3311 2648 quod

967 2671 1385 2766 eloquentia
1425 2672 1684 2765 juncta
1735 2671 2107 2766 sapientiae
2156 2672 2556 2767 plurimum
2617 2672 2864 2768 prosit,
2916 2680 2992 2747 et
3043 2675 3309 2749 sociata

971 2792 1264 2865 malitiae
1302 2792 1618 2865 multum
1650 2799 2050 2867 noceat.—
2071 2797 2295 2865 Come.
2323 2794 2532 2867 Nunc
2556 2800 2776 2867 autor
2810 2793 3151 2868 describit
3183 2815 3311 2889 ap-

966 2912 1372 3007 parentiam
1424 2907 1844 2986 animarum
1889 2912 2474 2988 beatificatarum
2518 2913 2655 2986 sub
2697 2912 3075 2988 influentia
3118 2934 3309 2989 mer-

963 3032 1245 3124 curiali,
1283 3052 1452 3127 quae
1492 3032 1972 3106 ostendebant
2006 3052 2087 3105 se
2125 3053 2299 3106 cum
2335 3033 2861 3129 gratulatione3
2898 3041 2974 3108 et
3007 3035 3148 3108 hoc
3182 3054 3305 3129 per

966 3173 1190 3226 unam
1235 3152 1858 3246 comparationem
1903 3153 2177 3227 claram
2221 3161 2297 3228 et
2337 3154 2735 3248 propriam,
2770 3155 3056 3229 dicens:
3109 3160 3307 3228 Come

961 3274 1037 3342 in
1080 3274 1437 3362 peschiera
1486 3275 1586 3345 ck’
1612 3269 1654 3345 e'
1700 3276 2081 3363 tranquilla
2132 3295 2169 3346 e
2208 3295 2426 3368 pura,
2468 3275 2680 3370 quasi
2737 3275 2953 3368 dicat,
2995 3276 3067 3348 in
3113 3297 3302 3371 aqua

965 3392 1186 3484 clara,
1240 3413 1407 3484 quae
1457 3393 1647 3467 bene
1697 3393 2142 3468 assimilatur
2193 3396 2419 3484 stellae
2469 3395 2761 3491 corpori
2802 3396 3188 3492 dyapbano
3234 3403 3301 3472 et

966 3533 1177 3606 puro,
1214 3515 1580 3603 trayyonsi
1611 3515 1638 3585 i
1664 3516 1877 3605 pes-ci,
1912 3513 2039 3605 qui
2064 3504 2138 3606 (²)
2172 3514 2362 3589 bene
2408 3522 2933 3611 repraesentant
2966 3516 3139 3589 istos
3164 3515 3301 3610 spi-

964 3632 1148 3707 ritus
1197 3634 1395 3709 leves
1462 3640 1537 3710 et
1587 3637 1899 3729 veloceS,
1949 3657 1998 3708 a
2044 3627 2152 3708 cio
2200 3639 2319 3709 che
2366 3638 2521 3710 vien
2570 3639 2645 3711 di
2685 3639 2905 3730 fuori,
2966 3636 3156 3709 sicut
3215 3634 3299 3710 ad

961 3774 1231 3847 escam,
1277 3776 1409 3848 per
1458 3757 1666 3828 modo
1717 3758 1835 3829 che
1876 3758 1945 3828 lo
1992 3758 2224 3828 stimin
2256 3777 2388 3829 sna
2410 3765 2717 3849 pastura
2726 3783 2756 3849 ,·
2791 3757 2893 3830 ita
2933 3756 3200 3831 Dantes
3231 3761 3300 3830 et

961 3875 1252 3951 Beatrix
1303 3875 1694 3950 veniebant
1743 3875 1836 3948 ab
1888 3881 2123 3969 extra,
2179 3884 2255 3950 et
2313 3877 2606 3971 spiritus
2666 3878 2762 3951 illi
2825 3878 3300 3972 expectabant

951 3996 1506 4071 delectationem
1566 3995 1660 4068 ab
1728 3995 1879 4089 eis3
1931 3994 2031 4069 ita
2082 4017 2128 4070 a
2179 3996 2415 4089 simili,
2480 3991 2543 4070 si
2605 4001 2837 4072 vid’io
2886 3999 3017 4071 ben
3059 3994 3183 4092 pit}
3228 3999 3300 4071 di

945 4120 1125 4190 mille
1171 4118 1554 4208 splendori,
1614 4115 1820 4207 idest,
1896 4115 2254 4208 plurimos
2313 4117 2608 4211 spiritus
2669 4118 3021 4212 lucenteS,
3084 4121 3302 4191 &arsi

948 4230 1069 4306 ver
1118 4237 1262 4327 noi,
1319 4254 1493 4307 cum
1550 4234 1819 4326 laetitia,
1873 4240 1941 4306 et
2002 4238 2078 4306 in
2126 4237 2408 4308 ciascun
2463 4240 2739 4329 s’udia‚
2790 4239 3068 4334 supple,
3122 4238 3295 4313 dici:

950 4375 1105 4427 ecco
1155 4357 1263 4426 clei
1310 4345 1630 4427 crescerd
1662 4359 1713 4428 li
1743 4357 1971 4428 nostri
2004 4358 2260 4448 amori,
2303 4357 2596 4453 scilicet,
2638 4359 2712 4432 in
2749 4379 3090 4452 numero,
3127 4357 3295 4454 quia

1083 4613 1137 4676 (¹)
1169 4617 1215 4673 4,
1248 4618 1471 4664 coercet·
2012 4614 2067 4678 (¹)
2101 4616 2162 4668 Ε.
2194 4618 2315 4682 quia
2350 4619 2498 4671 bene.
