3734 5567
1166 525 1444 581 CANTUS
1493 527 1880 581 vlonsnuus
1929 527 2267 581 ocTAvus.
2748 519 2884 584 165

543 678 874 745 cantaret
925 671 1190 745 audisti
1243 672 1314 746 in
1366 673 1682 767 capitulo
1732 673 2195 768 praecedenti,
2250 673 2424 766 quia
2475 674 2886 749 delectatur

546 789 616 862 in
669 791 857 865 hene
906 792 1302 887 operando,
1353 814 1391 864 e
1455 794 1842 883 sceyliendo
1889 794 2031 884 fior
2094 795 2193 864 da
2248 795 2456 885 flore,
2509 788 2714 889 idest,
2767 816 2886 870 se-

544 909 912 984 cernendo
962 911 1379 986 florentiora
1431 931 1657 1006 opera
1708 911 1996 986 virtutis
2047 911 2140 984 ad
2190 912 2604 986 faciendum
2661 935 2884 988 suum

542 1036 849 1124 sertum,
881 1036 959 1104 ut
992 1030 1278 1106 dicebat
1311 1051 1533 1128 supra
1595 1032 1666 1105 in
1728 1031 2016 1106 somnio
2074 1032 2303 1106 nostri
2353 1041 2627 1128 poetae3
2679 1039 2885 1127 onde,

545 1148 748 1243 idest,
814 1170 905 1224 ex
975 1151 1243 1244 quihus
1312 1152 1635 1246 ssorihuS‚
1705 1159 1875 1225 tucca
1935 1155 2008 1225 la
2074 1143 2222 1225 sua⁴
2277 1155 2394 1225 via
2457 1175 2587 1226 era
2650 1157 2885 1247 pinta,

544 1268 726 1343 idest
751 1263 853 1364 (¹),
906 1271 1064 1345 eius
1116 1272 1263 1346 vita
1331 1279 1491 1346 erat
1553 1279 1835 1346 ornata.
1901 1273 1990 1346 Et
2047 1272 2371 1347 declarat
2432 1273 2707 1348 dictum
2752 1296 2885 1369 per

543 1388 796 1484 simile,
832 1391 1116 1466 dicens:
1168 1396 1459 1487 siccome
1491 1395 1627 1483 eqli
1669 1414 1963 1485 appare,
2001 1393 2393 1487 interdum,
2442 1396 2887 1470 subitamence

541 1530 732 1600 cosa,
788 1511 1160 1605 mirabiliS‚
1212 1514 1332 1584 che
1376 1514 1604 1585 disvia
1645 1534 1780 1604 per
1831 1515 2248 1603 meraviylia
2298 1516 2445 1587 tute
2472 1517 2659 1588 altro
2704 1537 2886 1608 pen-

540 1651 705 1703 sare
717 1657 748 1725 ,·
801 1631 1009 1724 quasi
1068 1631 1261 1705 dicat
1321 1631 1575 1706 tacite:
1633 1652 1829 1705 nunc
1880 1632 2152 1707 accidit.
2192 1633 2365 1706 mihi
2420 1634 2608 1708 sicut
2669 1655 2886 1730 pere-

541 1751 755 1845 grino
806 1753 1211 1825 transeunti
1262 1771 1394 1846 per
1444 1752 1907 1826 solitudinem
1972 1753 2355 1847 virentem,
2410 1754 2527 1828 cui
2589 1755 2882 1828 miranti

540 1870 1043 1945 amoenitatem
1095 1871 1362 1944 florum
1426 1876 1499 1944 et
1563 1871 1919 1944 arborum
1987 1893 2078 1946 ex
2145 1872 2513 1967 insperato
2582 1880 2884 1968 apparet

542 1991 982 2086 pulcerrima
1033 1990 1266 2087 virgo,
1320 2010 1488 2085 quae
1538 1992 1780 2065 statim
1853 1993 2156 2067 retrahit
2214 1993 2455 2067 visum
2521 1993 2611 2067 ad
2677 1993 2882 2065 illum

542 2111 832 2186 dimissa
869 2111 1312 2206 inspectione
1347 2113 1590 2208 sylvae.
1613 2152 1712 2165 —
1737 2115 1907 2186 Deh.
1946 2113 2154 2188 Nunc
2187 2121 2402 2210 poeta
2436 2113 2636 2209 ponit
2670 2133 2883 2187 suam

543 2232 952 2306 orationem
985 2231 1079 2305 ad
1114 2231 1327 2305 istam
1365 2232 1741 2328 egregiam
1775 2233 2170 2308 dominam.
2201 2236 2288 2307 Et
2315 2234 2550 2329 primo
2585 2233 2882 2327 quidem

544 2351 711 2425 facit
761 2350 1147 2424 exordium
1204 2371 1373 2424 cum
1428 2351 1796 2445 petitione,
1849 2352 2133 2427 dicens:
2189 2356 2466 2426 Diss'io
2517 2374 2565 2425 a
2616 2355 2744 2425 lei.-
2784 2351 2881 2424 illi

542 2470 879 2564 dominae,
929 2473 1085 2564 dell,
1161 2470 1377 2546 dictio
1439 2472 1905 2566 deprecativa
1965 2480 2096 2567 est,
2150 2474 2358 2567 quasi
2410 2473 2645 2548 dicat:
2701 2493 2885 2569 rogo

541 2595 638 2682 te,
673 2590 849 2662 bella
881 2592 1149 2681 donna,
1199 2590 1301 2664 sic
1350 2591 1818 2667 commendat
1852 2613 2020 2667 eam
2055 2613 2097 2666 a
2133 2592 2620 2688 pulcritudine
2654 2613 2882 2686 quam

544 2711 864 2784 maxime
912 2709 1255 2785 affectant
1306 2712 1674 2806 muliere5‚
1717 2715 1818 2786 οΙι’
1836 2716 1910 2785 ai
1946 2716 2163 2804 raqqi
2200 2715 2492 2785 d'amor
2538 2715 2590 2785 ti
2623 2714 2874 2805 scaldi,

539 2830 744 2924 quasi
797 2831 1010 2926 dicat,
1045 2853 1213 2926 quae
1249 2832 1512 2907 videris
1561 2839 1937 2927 amorata3
1975 2833 2138 2908 ideo
2178 2833 2487 2907 deberes
2531 2853 2692 2907 esse
2728 2834 2883 2928 pla-

538 2952 717 3046 cida,
770 2955 827 3024 s’
854 2955 899 3025 i’
928 2955 1036 3025 vo’
1063 2955 1347 3026 credere
1395 2955 1470 3024 ai
1516 2954 1903 3044 sembianti,
1947 2953 2153 3046 idest,
2221 2952 2444 3049 signis
2496 2952 2884 3026 exteriori-

539 3072 698 3165 buS‚
751 3074 872 3145 che
917 3075 1193 3162 soqlion
1243 3094 1430 3145 esser
1479 3076 1793 3147 testimon
1842 3075 1959 3147 del
2013 3094 2248 3164 cuore,
2317 3072 2638 3147 maxime
2698 3073 2771 3145 in
2804 3065 2879 3166 (²)

545 3193 732 3268 facto
809 3191 1103 3285 amori3‚
1157 3192 1327 3285 quia
1392 3213 1605 3266 amor
1665 3193 1887 3268 celari
1941 3214 2088 3267 non
2148 3200 2407 3288 potest,
2469 3197 2749 3284 veqnaci
2804 3196 2881 3266 in

539 3315 773 3402 voylia
805 3314 881 3384 di
912 3313 1161 3384 traerti
1195 3316 1464 3403 avanti,
1504 3312 1677 3406 quia
1713 3333 1851 3409 ego
1900 3313 2209 3387 ulterius
2243 3313 2498 3388 venire
2535 3335 2681 3387 non
2715 3333 2883 3408 pos—

538 3452 742 3526 sum,
808 3451 1012 3504 verso
1081 3438 1318 3521 questa
1383 3434 1676 3523 ήυὶενα,
1742 3432 1946 3526 idest,
2029 3432 2305 3525 rivum,
2374 3439 2594 3523 lance,
2673 3432 2879 3527 idest,

542 3558 689 3624 tam
741 3569 1004 3644 prope3
1047 3556 1207 3624 erat
1256 3550 1451 3623 enim
1505 3551 1657 3645 ipsa
1708 3550 2004 3625 domina
2064 3552 2237 3625 satis
2286 3572 2331 3625 a
2390 3552 2629 3647 longe,
2682 3555 2784 3625 ch'
2811 3556 2882 3626 io

525 3691 748 3762 possa
797 3671 1112 3743 intenda-
1160 3671 1278 3742 clte
1327 3676 1398 3742 tu
1445 3673 1660 3761 canti,
1713 3670 1923 3764 quasi
1970 3670 2195 3745 dicat:
2250 3676 2335 3743 ut
2382 3671 2691 3744 sentiam
2746 3672 2876 3746 de·

540 3788 999 3863 lectationem
1053 3795 1282 3862 tuam.
1337 3789 1424 3861 Et
1473 3789 1590 3862 hic
1643 3796 1812 3863 nota
1866 3789 2064 3882 quod
2124 3795 2338 3883 poeta
2397 3790 2664 3864 merito
2717 3798 2879 3865 tan·

537 3913 695 3982 tum
774 3906 1066 3983 affectat
1131 3909 1721 4004 appropinquare
1788 3908 1882 3983 ad
1959 3908 2170 3982 istam
2235 3908 2633 4002 dominam,
2704 3909 2878 4003 quia

538 4027 724 4102 facta
776 4028 1210 4124 purgatione
1261 4029 1607 4103 vitiorum
1644 4028 1942 4123 optabat
1982 4027 2337 4102 accedere
2376 4027 2468 4101 ad
2509 4029 2877 4123 operatio—

539 4167 707 4221 nem
759 4148 1069 4244 virtutiS,
1132 4169 1301 4243 quae
1363 4155 1933 4244 repraesentatur
1997 4148 2069 4221 in
2120 4148 2257 4223 ista
2309 4147 2628 4223 domina.
2690 4149 2878 4226 Nota

535 4266 782 4362 etiam,
817 4269 1069 4363 lector,
1107 4290 1332 4363 quam
1363 4270 1660 4371 pulcros
1705 4269 2085 4366 rhythmos
2118 4273 2333 4363 poeta
2369 4274 2619 4344 noster
2653 4269 2878 4344 fabri-

529 4386 726 4461 cavit
792 4387 863 4461 in
941 4398 1091 4465 tam
1163 4390 1420 4483 pulcra
1489 4388 1834 4463 materia:
1889 4409 1980 4463 ex
2044 4410 2194 4483 quo
2254 4396 2558 4485 apparet
2609 4411 2876 4466 verum

655 4646 709 4707 (²)
744 4648 851 4703 11⁷,
886 4645 1033 4706 idest,
1065 4648 1233 4698 omnis
1262 4648 1375 4697 eius
1408 4647 1524 4699 vita.
1865 4646 1926 4707 Ρ)
1959 4644 2018 4697 E.
2052 4647 2107 4696 in
2137 4646 2239 4698 flne
2271 4647 2481 4698 amoris»
