3734 5567
914 478 1055 543 286
1632 486 2042 540 COMENTUM
2090 484 2537 541 PURGAToRn

907 636 1027 707 che
1069 637 1181 727 sui
1221 651 1470 725 presso
1520 634 1621 705 da
1669 650 1853 722 essa,
1899 623 2042 703 cosi
2088 633 2264 703 com'
2292 632 2536 702 anima
2584 631 2822 719 yentil,
2875 647 3023 700 non
3073 624 3252 719 vilis,

908 773 1056 827 non
1106 751 1410 846 serviliS,
1462 754 1582 824 che
1627 771 1775 824 non
1820 753 1908 843 sa
1952 770 2183 841 scema,
2220 748 2392 842 quia
2427 747 2647 822 habet
2695 767 2828 842 pro
2879 745 3117 843 gratia
3150 745 3258 818 fa-

908 890 1081 946 cere
1120 870 1319 966 quod
1355 869 1815 965 praecipitur3
1875 868 2070 943 unde
2120 866 2329 942 dicit:
2368 887 2487 940 ma
2513 869 2599 960 sa
2632 887 2764 939 sua
2805 868 3043 956 voqlia
3074 867 3259 938 della

911 993 1148 1082 voylia
1213 993 1453 1081 altwi,
1518 988 1690 1083 quia
1752 988 2144 1064 confirmat
2207 987 2538 1061 animum
2610 1007 2834 1060 suum
2901 983 3257 1058 voluntati

913 1109 1417 1205 praecipientiS,
1471 1117 1645 1184 tosto
1692 1111 1813 1182 elle
1859 1111 1962 1199 qli
2009 1104 2052 1181 e*
2094 1108 2469 1197 dise-leima,
2520 1105 2727 1198 idest,
2778 1103 3022 1178 statim
3086 1124 3259 1178 cum

915 1235 1027 1304 est
1075 1229 1210 1304 sibi
1260 1235 1537 1324 aperta,
1600 1250 1734 1321 per
1780 1249 2025 1319 scyno,
2074 1227 2279 1320 idest,
2325 1225 2607 1319 absque
2656 1245 2746 1299 eo
2797 1225 2996 1319 quod
3045 1224 3260 1299 faciat

916 1349 1256 1443 verbum,
1326 1349 1514 1424 sicut
1580 1348 1926 1444 praecepit
1983 1346 2325 1443 Virgilius
2386 1351 2636 1420 nostro
2701 1351 2936 1440 poetae
2994 1343 3261 1418 Inferni

917 1467 1235 1563 capitulo
1268 1467 1545 1570 xxnu.
1582 1468 1670 1540 Et
1707 1466 1913 1541 dicit:
1950 1488 1987 1540 e
2027 1469 2209 1540 disse
2259 1486 2308 1537 a
2356 1467 2622 1557 Stazio,
2678 1463 2830 1559 ipsa
2882 1463 3256 1557 Mathildis,

916 1590 1514 1681 donnescamente,
1580 1608 1792 1662 more
1838 1585 2316 1661 dominantis:
2388 1588 2544 1658 vien
2610 1605 2744 1657 eon
2803 1587 2924 1675 lui,
2989 1584 3262 1659 scilicet

919 1725 1100 1780 cum
1145 1706 1403 1799 Dante,
1459 1727 1683 1800 quem
1725 1706 1885 1802 Jam
1938 1704 2224 1779 sociasti
2260 1723 2393 1799 per
2427 1704 2729 1800 longum
2770 1703 2931 1779 iter.
2969 1703 3057 1776 Et
3091 1710 3261 1778 nota

919 1826 1117 1921 quod
1186 1826 1540 1901 Mathildis
1607 1825 1782 1901 lavit
1850 1832 1926 1900 et
1992 1824 2270 1920 potavit
2337 1830 2747 1918 utrumque
2812 1822 2889 1896 in
2958 1821 3262 1897 flumine

919 1947 1176 2021 Eunoe
1211 1946 1408 2038 quod
1443 1952 1641 2040 patet
1676 1965 1807 2040 per
1841 1944 2248 2038 sequentia,
2284 1949 2359 2017 et
2392 1950 2501 2017 est
2543 1943 2805 2017 modus
2838 1941 3261 2017 abreviandi

919 2066 1268 2162 poeticus
1299 2105 1398 2119 —
1424 2069 1496 2139 S’
1519 2068 1611 2137 io.
1647 2065 1777 2138 Hic
1811 2064 2071 2138 ultimo
2112 2070 2324 2158 poeta
2365 2062 2810 2137 concludens
2860 2062 3262 2157 capitulum

923 2190 998 2259 et
1047 2185 1395 2259 claudens
1447 2184 1666 2258 istum
1722 2182 2129 2258 secundum
2190 2183 2463 2256 librum
2523 2189 2827 2257 excusat
2877 2204 2958 2258 se
3007 2182 3065 2257 si
3119 2205 3263 2259 non

923 2303 1264 2379 describit
1313 2303 1773 2378 dulcedinem
1833 2303 2054 2376 huius
2119 2294 2355 2398 potus,
2408 2302 2584 2396 quia
2646 2304 2828 2377 ordo
2891 2303 3053 2377 libri
3120 2324 3265 2377 non

924 2425 1216 2520 patitur.
1247 2425 1453 2499 Unde
1490 2425 2017 2518 apostrophans
2050 2423 2257 2497 dicit:
2305 2427 2366 2497 0
2399 2426 2625 2514 lector,
2662 2427 2732 2497 io
2755 2445 2896 2517 pur
2933 2426 3263 2514 canterei,

923 2543 1131 2639 idest,
1173 2544 1458 2639 poetice
1490 2542 2011 2637 describerem,
2048 2544 2117 2614 lo
2148 2545 2345 2615 dolce
2376 2544 2562 2631 bere,
2598 2543 2725 2637 qui
2765 2543 3079 2618 inebriat
3110 2542 3266 2617 ani·

925 2683 1150 2756 mam,
1204 2665 1323 2735 che
1372 2665 1518 2735 mai
1564 2682 1709 2736 non
1776 2664 1866 2734 m'
1894 2664 2104 2735 avria
2162 2664 2390 2755 sazio,
2456 2661 2630 2755 quia
2691 2667 2969 2754 quanto
3033 2661 3266 2758 magis

925 2786 1245 2875 potatur,
1300 2786 1502 2855 tanto
1568 2780 1803 2876 magis
1859 2780 2191 2856 accendit
2240 2786 2653 2875 potatorem
2714 2780 2806 2854 ad
2870 2781 3265 2857 bibendum

926 2901 1342 2994 salubriter,
1387 2901 1575 2975 sicut
1606 2900 1804 2996 potio
1839 2900 1985 2974 vini
2022 2901 2185 2995 plus
2220 2900 2469 2977 incitat
2501 2901 2594 2975 ad
2633 2901 3029 2975 bibendum
3069 2922 3271 2975 mor-

927 3020 1159 3096 tifere.
1204 3021 1345 3095 Per
1398 3021 1535 3094 hoc
1586 3020 1820 3093 innuit
1872 3019 2070 3114 quod
2121 3026 2231 3094 est
2280 3039 2574 3095 summe
2619 3020 3046 3094 delectabile
3093 3039 3271 3115 ope-

931 3139 1081 3213 rari
1132 3139 1460 3213 virtuose
1510 3139 1788 3212 homini
1820 3139 2117 3214 habenti
2158 3139 2491 3213 habitum
2533 3139 2844 3233 virtutis,
2880 3140 3093 3213 cuius
3125 3139 3272 3213 dis-

931 3257 1302 3353 positionis
1330 3278 1526 3331 nunc
1554 3263 1715 3331 erat
1746 3258 1902 3353 ipse
1935 3264 2172 3353 poeta,
2199 3261 2339 3331 s’io
2374 3261 2600 3332 avessi
2625 3254 2748 3350 piel
2783 3261 2995 3349 tuneo
3027 3261 3270 3351 spazio

932 3379 1009 3450 di
1055 3378 1384 3466 scrivere,
1425 3375 1630 3469 idest,
1664 3375 2009 3451 dilatandi
2045 3377 2456 3470 materiam,
2493 3398 2612 3451 ma
2645 3380 2701 3450 il
2723 3381 2887 3471 sren
2926 3380 3269 3468 dell’arte,

933 3496 1135 3590 idest,
1189 3495 1369 3570 ordo
1422 3501 1997 3591 praeconceptuS,
2032 3517 2173 3569 non
2212 3499 2308 3570 mi
2339 3500 2561 3571 laseia
2582 3493 2712 3590 pia)
2748 3501 2879 3592 ire,
2919 3497 3124 3592 idest,
3159 3498 3273 3570 ul-

933 3614 1163 3689 terius
1214 3614 1531 3710 extendi,
1583 3615 1756 3708 quia
1807 3616 1926 3690 hic
1977 3615 2159 3691 liber
2209 3616 2600 3693 excederet
2648 3618 2866 3711 alios3
2911 3618 3109 3692 unde
3163 3616 3272 3690 di-

934 3734 1069 3809 cit:
1118 3730 1374 3826 perche*
1410 3737 1611 3829 piene
1656 3755 1789 3808 son
1839 3741 1999 3809 tutte
2047 3739 2109 3808 le
2147 3742 2366 3827 carte,
2399 3736 2692 3832 scilicet,
2729 3737 3115 3832 scriptura,
3149 3758 3275 3810 or-

935 3855 1096 3946 dite,
1148 3874 1281 3949 per
1330 3853 1623 3928 XXXIII
1673 3855 2016 3951 capitula,
2049 3877 2099 3929 a
2132 3862 2369 3948 questa
2401 3859 2676 3930 cantica
2706 3860 3035 3949 secondo,
3072 3857 3276 3950 idest,
3303 3935 3312 3942 ,

934 3974 1028 4049 ad
1078 3974 1487 4048 secundum
1539 3973 1835 4069 librum,
1887 3974 2181 4069 scilicet,
2217 3975 2765 4072 Purgatorium,
2810 3976 2885 4050 in
2919 3996 3071 4070 quo
3106 3976 3279 4050 satis

934 4094 1125 4169 bene
1173 4094 1462 4168 cantavi
1513 4094 1930 4170 cantionem
1983 4116 2369 4189 nunquam
2421 4096 2518 4171 ab
2568 4096 2714 4171 alio
2773 4096 3279 4190 decantatam;

938 4212 1101 4286 ideo
1161 4212 1495 4286 animum
1565 4234 1903 4310 praeparo
1966 4213 2057 4287 ad
2129 4234 2403 4289 novum
2466 4216 2900 4291 altissimum
2954 4222 3282 4310 cantum,

941 4330 1166 4405 Statio
1219 4333 1555 4427 evolante
1604 4334 1679 4407 in
1730 4334 2002 4408 coelum
2052 4353 2513 4431 empyreum.
2557 4336 2761 4412 Unde
2795 4336 3003 4411 dicit:
3055 4341 3139 4409 Io
3176 4340 3284 4410 ri-

941 4452 1179 4525 tornai
1226 4452 1424 4524 dalla
1469 4456 1871 4527 samsima
1919 4456 2138 4546 ouda,
2174 4476 2343 4549 quae
2377 4456 2548 4531 facit
2597 4457 2933 4532 homines
2981 4457 3285 4532 sanctiS-

942 4569 1198 4665 simos;
1250 4577 1326 4644 et
1375 4571 1544 4646 facit
1593 4574 2218 4670 comparationem
2260 4576 2622 4672 pulcram,
2667 4576 2959 4652 dicens:
3010 4579 3281 4671 fisano,
