<?xml version="1.0" encoding="UTF-8"?>
<!DOCTYPE html PUBLIC "-//W3C//DTD XHTML 1.0 Transitional//EN"
    "http://www.w3.org/TR/xhtml1/DTD/xhtml1-transitional.dtd">
<html xmlns="http://www.w3.org/1999/xhtml" xml:lang="en" lang="en">
 <head>
  <title>
</title>
<meta http-equiv="Content-Type" content="text/html;charset=utf-8" />
  <meta name='ocr-system' content='tesseract 3.04.00' />
  <meta name='ocr-capabilities' content='ocr_page ocr_carea ocr_par ocr_line ocrx_word'/>
</head>
<body>
  <div class='ocr_page' id='page_1' title='image "benevenutideram02lacagoog_0312.png"; bbox 0 0 3734 5567; ppageno 0'>
   <div class='ocr_carea' id='block_1_1' title="bbox 874 465 2453 533">
    <p class='ocr_par' dir='ltr' id='par_1_1' title="bbox 874 465 2453 533">
     <span class='ocr_line' id='line_1_1' title="bbox 874 465 2453 533; baseline -0.002 -1"><span class='ocrx_word' id='word_1_1' title='bbox 874 465 1016 533; x_wconf 81' lang='lat'><strong>302</strong></span> <span class='ocrx_word' id='word_1_2' title='bbox 1657 475 2068 531; x_wconf 65' lang='lat' dir='ltr'><strong>comma-un</strong></span> <span class='ocrx_word' id='word_1_3' title='bbox 2117 477 2453 530; x_wconf 71' lang='lat' dir='ltr'><strong>PAnAms1</strong></span> 
     </span>
    </p>
   </div>
   <div class='ocr_carea' id='block_1_2' title="bbox 869 620 3354 3953">
    <p class='ocr_par' dir='ltr' id='par_1_2' title="bbox 869 620 3354 3953">
     <span class='ocr_line' id='line_1_2' title="bbox 869 620 3225 714; baseline -0.001 -18"><span class='ocrx_word' id='word_1_4' title='bbox 869 622 962 696; x_wconf 94' lang='lat' dir='ltr'><strong>ad</strong></span> <span class='ocrx_word' id='word_1_5' title='bbox 1015 622 1281 696; x_wconf 90' lang='lat' dir='ltr'><strong>urbem</strong></span> <span class='ocrx_word' id='word_1_6' title='bbox 1315 620 1641 695; x_wconf 86' lang='lat' dir='ltr'><strong>Celaenas</strong></span> <span class='ocrx_word' id='word_1_7' title='bbox 1681 621 1987 695; x_wconf 85' lang='lat' dir='ltr'><strong>adduxit</strong></span> <span class='ocrx_word' id='word_1_8' title='bbox 2038 621 2475 714; x_wconf 85' lang='lat' dir='ltr'><strong>exercitum,</strong></span> <span class='ocrx_word' id='word_1_9' title='bbox 2512 620 2726 695; x_wconf 90' lang='lat' dir='ltr'><strong>cuius</strong></span> <span class='ocrx_word' id='word_1_10' title='bbox 2778 621 3052 696; x_wconf 90' lang='lat' dir='ltr'><strong>moenia</strong></span> <span class='ocrx_word' id='word_1_11' title='bbox 3107 621 3225 695; x_wconf 92' lang='lat' dir='ltr'><strong>in-</strong></span> 
     </span>
     <span class='ocr_line' id='line_1_3' title="bbox 872 740 3226 835; baseline 0 -22"><span class='ocrx_word' id='word_1_12' title='bbox 872 741 1146 815; x_wconf 83' lang='lat' dir='ltr'><strong>terfluit</strong></span> <span class='ocrx_word' id='word_1_13' title='bbox 1196 742 1519 835; x_wconf 82' lang='lat' dir='ltr'>Marsyas</span> <span class='ocrx_word' id='word_1_14' title='bbox 1568 740 1807 814; x_wconf 92' lang='lat' dir='ltr'><strong>amnis</strong></span> <span class='ocrx_word' id='word_1_15' title='bbox 1865 741 2214 815; x_wconf 83' lang='lat' dir='ltr'><strong>fabulosis</strong></span> <span class='ocrx_word' id='word_1_16' title='bbox 2274 741 2710 815; x_wconf 64' lang='lat' dir='ltr'><strong>Graecorum</strong></span> <span class='ocrx_word' id='word_1_17' title='bbox 2774 741 3226 814; x_wconf 83' lang='lat' dir='ltr'><strong>carminibus</strong></span> 
     </span>
     <span class='ocr_line' id='line_1_4' title="bbox 872 860 3227 957; baseline -0.001 -22"><span class='ocrx_word' id='word_1_18' title='bbox 872 862 1206 957; x_wconf 78' lang='lat' dir='ltr'><strong>inclytus,</strong></span> <span class='ocrx_word' id='word_1_19' title='bbox 1260 861 1507 934; x_wconf 91' lang='lat' dir='ltr'><strong>Livius</strong></span> <span class='ocrx_word' id='word_1_20' title='bbox 1561 866 1808 935; x_wconf 90' lang='lat' dir='ltr'><strong>tamen</strong></span> <span class='ocrx_word' id='word_1_21' title='bbox 1858 860 2031 935; x_wconf 90' lang='lat' dir='ltr'><strong>dicit</strong></span> <span class='ocrx_word' id='word_1_22' title='bbox 2081 860 2279 955; x_wconf 91' lang='lat' dir='ltr'><strong>quod</strong></span> <span class='ocrx_word' id='word_1_23' title='bbox 2329 861 2722 935; x_wconf 81' lang='lat' dir='ltr'><strong>Menander</strong></span> <span class='ocrx_word' id='word_1_24' title='bbox 2786 867 2895 936; x_wconf 92' lang='lat' dir='ltr'><strong>est</strong></span> <span class='ocrx_word' id='word_1_25' title='bbox 2959 861 3227 934; x_wconf 86' lang='lat' dir='ltr'><strong>fluvius</strong></span> 
     </span>
     <span class='ocr_line' id='line_1_5' title="bbox 877 979 3221 1078; baseline 0 -25"><span class='ocrx_word' id='word_1_26' title='bbox 877 982 1175 1078; x_wconf 88' lang='lat' dir='ltr'><strong>grandis</strong></span> <span class='ocrx_word' id='word_1_27' title='bbox 1235 979 1663 1077; x_wconf 87' lang='lat' dir='ltr'><strong>navigabilis</strong></span> <span class='ocrx_word' id='word_1_28' title='bbox 1711 988 1922 1054; x_wconf 91' lang='lat' dir='ltr'><strong>ortus</strong></span> <span class='ocrx_word' id='word_1_29' title='bbox 1984 1001 2079 1055; x_wconf 83' lang='lat' dir='ltr'><strong>ex</strong></span> <span class='ocrx_word' id='word_1_30' title='bbox 2146 1002 2442 1056; x_wconf 90' lang='lat' dir='ltr'><strong>summa</strong></span> <span class='ocrx_word' id='word_1_31' title='bbox 2506 1001 2683 1055; x_wconf 92' lang='lat' dir='ltr'><strong>arce</strong></span> <span class='ocrx_word' id='word_1_32' title='bbox 2732 981 3221 1074; x_wconf 73' lang='lat' dir='ltr'><strong>Celaenarum,</strong></span> 
     </span>
     <span class='ocr_line' id='line_1_6' title="bbox 877 1099 3227 1197; baseline -0.001 -22"><span class='ocrx_word' id='word_1_33' title='bbox 877 1121 1047 1195; x_wconf 84' lang='lat' dir='ltr'><strong>quae</strong></span> <span class='ocrx_word' id='word_1_34' title='bbox 1083 1099 1453 1196; x_wconf 89' lang='lat' dir='ltr'><strong>quondam</strong></span> <span class='ocrx_word' id='word_1_35' title='bbox 1493 1099 1631 1172; x_wconf 83' lang='lat' dir='ltr'><strong>fuit</strong></span> <span class='ocrx_word' id='word_1_36' title='bbox 1681 1105 1904 1195; x_wconf 90' lang='lat' dir='ltr'><strong>caput</strong></span> <span class='ocrx_word' id='word_1_37' title='bbox 1938 1100 2273 1197; x_wconf 84' lang='lat' dir='ltr'><strong>Phrygiae</strong></span> <span class='ocrx_word' id='word_1_38' title='bbox 2309 1107 2385 1174; x_wconf 87' lang='lat' dir='ltr'><strong>et</strong></span> <span class='ocrx_word' id='word_1_39' title='bbox 2422 1101 2743 1196; x_wconf 84' lang='lat' dir='ltr'><strong>Marsyas</strong></span> <span class='ocrx_word' id='word_1_40' title='bbox 2783 1099 3041 1194; x_wconf 90' lang='lat' dir='ltr'><strong>amnis,</strong></span> <span class='ocrx_word' id='word_1_41' title='bbox 3079 1120 3227 1173; x_wconf 91' lang='lat' dir='ltr'><strong>non</strong></span> 
     </span>
     <span class='ocr_line' id='line_1_7' title="bbox 878 1218 3224 1316; baseline -0.001 -22"><span class='ocrx_word' id='word_1_42' title='bbox 878 1222 1099 1316; x_wconf 91' lang='lat' dir='ltr'><strong>longe</strong></span> <span class='ocrx_word' id='word_1_43' title='bbox 1150 1240 1195 1293; x_wconf 93' lang='lat' dir='ltr'><strong>a</strong></span> <span class='ocrx_word' id='word_1_44' title='bbox 1246 1218 1619 1293; x_wconf 86' lang='lat' dir='ltr'><strong>Menandri</strong></span> <span class='ocrx_word' id='word_1_45' title='bbox 1671 1219 1991 1294; x_wconf 84' lang='lat' dir='ltr'><strong>fontibus</strong></span> <span class='ocrx_word' id='word_1_46' title='bbox 2040 1220 2310 1313; x_wconf 92' lang='lat' dir='ltr'><strong>oriens,</strong></span> <span class='ocrx_word' id='word_1_47' title='bbox 2347 1221 2421 1293; x_wconf 93' lang='lat' dir='ltr'><strong>in</strong></span> <span class='ocrx_word' id='word_1_48' title='bbox 2470 1221 2954 1295; x_wconf 89' lang='lat' dir='ltr'><strong>Menandrum</strong></span> <span class='ocrx_word' id='word_1_49' title='bbox 2995 1220 3224 1314; x_wconf 75' lang='lat' dir='ltr'><strong>cadit:</strong></span> 
     </span>
     <span class='ocr_line' id='line_1_8' title="bbox 881 1339 3230 1435; baseline -0.001 -20"><span class='ocrx_word' id='word_1_50' title='bbox 881 1346 957 1415; x_wconf 93' lang='lat' dir='ltr'><strong>et</strong></span> <span class='ocrx_word' id='word_1_51' title='bbox 991 1340 1187 1413; x_wconf 84' lang='lat' dir='ltr'><strong>fama</strong></span> <span class='ocrx_word' id='word_1_52' title='bbox 1224 1345 1423 1413; x_wconf 87' lang='lat' dir='ltr'><strong>tenet</strong></span> <span class='ocrx_word' id='word_1_53' title='bbox 1456 1340 1819 1434; x_wconf 82' lang='lat' dir='ltr'><strong>Marsyam</strong></span> <span class='ocrx_word' id='word_1_54' title='bbox 1856 1339 2053 1435; x_wconf 91' lang='lat' dir='ltr'><strong>apud</strong></span> <span class='ocrx_word' id='word_1_55' title='bbox 2080 1340 2404 1414; x_wconf 85' lang='lat' dir='ltr'><strong>Celaenas</strong></span> <span class='ocrx_word' id='word_1_56' title='bbox 2440 1346 2761 1414; x_wconf 84' lang='lat' dir='ltr'><strong>certasse</strong></span> <span class='ocrx_word' id='word_1_57' title='bbox 2800 1360 2973 1414; x_wconf 89' lang='lat' dir='ltr'><strong>cum</strong></span> <span class='ocrx_word' id='word_1_58' title='bbox 3009 1339 3230 1433; x_wconf 88' lang='lat' dir='ltr'><strong>Apol-</strong></span> 
     </span>
     <span class='ocr_line' id='line_1_9' title="bbox 880 1459 3224 1555; baseline 0 -22"><span class='ocrx_word' id='word_1_59' title='bbox 880 1461 1026 1533; x_wconf 95' lang='lat' dir='ltr'><strong>line</strong></span> <span class='ocrx_word' id='word_1_60' title='bbox 1077 1459 1425 1533; x_wconf 88' lang='lat' dir='ltr'><strong>tibiarum</strong></span> <span class='ocrx_word' id='word_1_61' title='bbox 1477 1466 1724 1554; x_wconf 93' lang='lat' dir='ltr'><strong>cantu,</strong></span> <span class='ocrx_word' id='word_1_62' title='bbox 1778 1465 1852 1534; x_wconf 95' lang='lat' dir='ltr'><strong>et</strong></span> <span class='ocrx_word' id='word_1_63' title='bbox 1902 1461 2067 1555; x_wconf 92' lang='lat' dir='ltr'><strong>plus</strong></span> <span class='ocrx_word' id='word_1_64' title='bbox 2117 1460 2340 1534; x_wconf 90' lang='lat' dir='ltr'><strong>credo</strong></span> <span class='ocrx_word' id='word_1_65' title='bbox 2390 1459 2594 1533; x_wconf 81' lang='lat' dir='ltr'><strong>Livio</strong></span> <span class='ocrx_word' id='word_1_66' title='bbox 2645 1480 2871 1554; x_wconf 89' lang='lat' dir='ltr'><strong>quam</strong></span> <span class='ocrx_word' id='word_1_67' title='bbox 2924 1461 3224 1555; x_wconf 84' lang='lat' dir='ltr'><strong>Curti03</strong></span> 
     </span>
     <span class='ocr_line' id='line_1_10' title="bbox 881 1578 3232 1675; baseline 0 -23"><span class='ocrx_word' id='word_1_68' title='bbox 881 1580 1079 1654; x_wconf 93' lang='lat' dir='ltr'><strong>unde</strong></span> <span class='ocrx_word' id='word_1_69' title='bbox 1128 1581 1470 1654; x_wconf 89' lang='lat' dir='ltr'><strong>Lucanus</strong></span> <span class='ocrx_word' id='word_1_70' title='bbox 1512 1600 1829 1674; x_wconf 90' lang='lat' dir='ltr'><strong>sequens</strong></span> <span class='ocrx_word' id='word_1_71' title='bbox 1869 1579 2157 1654; x_wconf 88' lang='lat' dir='ltr'><strong>Livium</strong></span> <span class='ocrx_word' id='word_1_72' title='bbox 2196 1578 2387 1674; x_wconf 90' lang='lat' dir='ltr'><strong>dicit,</strong></span> <span class='ocrx_word' id='word_1_73' title='bbox 2426 1579 2622 1674; x_wconf 91' lang='lat' dir='ltr'><strong>quod</strong></span> <span class='ocrx_word' id='word_1_74' title='bbox 2657 1580 2977 1675; x_wconf 80' lang='lat' dir='ltr'><strong>Marsyas</strong></span> <span class='ocrx_word' id='word_1_75' title='bbox 3028 1580 3232 1653; x_wconf 87' lang='lat' dir='ltr'><strong>velo-</strong></span> 
     </span>
     <span class='ocr_line' id='line_1_11' title="bbox 880 1699 3235 1776; baseline -0.001 0"><span class='ocrx_word' id='word_1_76' title='bbox 880 1700 1063 1776; x_wconf 85' lang='lat' dir='ltr'><strong>citer</strong></span> <span class='ocrx_word' id='word_1_77' title='bbox 1112 1699 1560 1776; x_wconf 88' lang='lat' dir='ltr'><strong>descendens</strong></span> <span class='ocrx_word' id='word_1_78' title='bbox 1613 1707 1816 1775; x_wconf 90' lang='lat' dir='ltr'><strong>recto</strong></span> <span class='ocrx_word' id='word_1_79' title='bbox 1869 1721 2096 1775; x_wconf 91' lang='lat' dir='ltr'><strong>cursu</strong></span> <span class='ocrx_word' id='word_1_80' title='bbox 2149 1701 2372 1774; x_wconf 81' lang='lat' dir='ltr'><strong>intrat</strong></span> <span class='ocrx_word' id='word_1_81' title='bbox 2422 1699 2900 1775; x_wconf 88' lang='lat' dir='ltr'><strong>Menandrum</strong></span> <span class='ocrx_word' id='word_1_82' title='bbox 2944 1700 3235 1773; x_wconf 85' lang='lat' dir='ltr'><strong>flexuo-</strong></span> 
     </span>
     <span class='ocr_line' id='line_1_12' title="bbox 883 1820 3237 1918; baseline -0.002 -23"><span class='ocrx_word' id='word_1_83' title='bbox 883 1843 1049 1896; x_wconf 91' lang='lat' dir='ltr'><strong>sum</strong></span> <span class='ocrx_word' id='word_1_84' title='bbox 1103 1821 1336 1896; x_wconf 85' lang='lat' dir='ltr'><strong>valde.</strong></span> <span class='ocrx_word' id='word_1_85' title='bbox 1390 1820 1498 1894; x_wconf 83' lang='lat' dir='ltr'><strong>Ad</strong></span> <span class='ocrx_word' id='word_1_86' title='bbox 1551 1820 1839 1895; x_wconf 87' lang='lat' dir='ltr'><strong>literam</strong></span> <span class='ocrx_word' id='word_1_87' title='bbox 1895 1840 2077 1918; x_wconf 90' lang='lat' dir='ltr'><strong>ergo</strong></span> <span class='ocrx_word' id='word_1_88' title='bbox 2126 1821 2296 1895; x_wconf 89' lang='lat' dir='ltr'><strong>dicit</strong></span> <span class='ocrx_word' id='word_1_89' title='bbox 2331 1827 2593 1915; x_wconf 91' lang='lat' dir='ltr'><strong>poeta:</strong></span> <span class='ocrx_word' id='word_1_90' title='bbox 2656 1824 2717 1893; x_wconf 88' lang='lat'><em>0</em></span> <span class='ocrx_word' id='word_1_91' title='bbox 2748 1822 2999 1912; x_wconf 80' lang='lat' dir='ltr'><strong>Apollo</strong></span> <span class='ocrx_word' id='word_1_92' title='bbox 3032 1827 3237 1892; x_wconf 82' lang='lat' dir='ltr'><strong>entra</strong></span> 
     </span>
     <span class='ocr_line' id='line_1_13' title="bbox 882 1938 3236 2034; baseline -0.002 -19"><span class='ocrx_word' id='word_1_93' title='bbox 882 1945 1002 2015; x_wconf 80' lang='lat' dir='ltr'><strong>nel</strong></span> <span class='ocrx_word' id='word_1_94' title='bbox 1050 1947 1241 2034; x_wconf 84' lang='lat' dir='ltr'><strong>petto</strong></span> <span class='ocrx_word' id='word_1_95' title='bbox 1290 1942 1459 2030; x_wconf 84' lang='lat' dir='ltr'><strong>mio,</strong></span> <span class='ocrx_word' id='word_1_96' title='bbox 1511 1939 1715 2033; x_wconf 90' lang='lat' dir='ltr'><strong>idest,</strong></span> <span class='ocrx_word' id='word_1_97' title='bbox 1768 1959 1924 2034; x_wconf 91' lang='lat' dir='ltr'><strong>cor,</strong></span> <span class='ocrx_word' id='word_1_98' title='bbox 1984 1945 2059 2015; x_wconf 93' lang='lat' dir='ltr'><strong>et</strong></span> <span class='ocrx_word' id='word_1_99' title='bbox 2120 1940 2360 2034; x_wconf 91' lang='lat' dir='ltr'><strong>ipsum</strong></span> <span class='ocrx_word' id='word_1_100' title='bbox 2426 1941 2541 2014; x_wconf 82' lang='lat' dir='ltr'><strong>fac</strong></span> <span class='ocrx_word' id='word_1_101' title='bbox 2603 1938 2873 2033; x_wconf 87' lang='lat' dir='ltr'><strong>audax,</strong></span> <span class='ocrx_word' id='word_1_102' title='bbox 2936 1960 2975 2012; x_wconf 79' lang='lat' dir='ltr'><strong>c</strong></span> <span class='ocrx_word' id='word_1_103' title='bbox 3033 1942 3236 2031; x_wconf 81' lang='lat' dir='ltr'><strong>spira</strong></span> 
     </span>
     <span class='ocr_line' id='line_1_14' title="bbox 890 2058 3236 2155; baseline -0.002 -19"><span class='ocrx_word' id='word_1_104' title='bbox 890 2070 1025 2152; x_wconf 78' lang='lat' dir='ltr'><strong>tue,</strong></span> <span class='ocrx_word' id='word_1_105' title='bbox 1076 2081 1212 2155; x_wconf 90' lang='lat' dir='ltr'><strong>pro</strong></span> <span class='ocrx_word' id='word_1_106' title='bbox 1264 2066 1369 2153; x_wconf 88' lang='lat' dir='ltr'><strong>tu,</strong></span> <span class='ocrx_word' id='word_1_107' title='bbox 1422 2059 1600 2152; x_wconf 90' lang='lat' dir='ltr'><strong>quia</strong></span> <span class='ocrx_word' id='word_1_108' title='bbox 1649 2058 1943 2154; x_wconf 87' lang='lat' dir='ltr'><strong>spiritus</strong></span> <span class='ocrx_word' id='word_1_109' title='bbox 2004 2059 2132 2132; x_wconf 90' lang='lat' dir='ltr'><strong>ubi</strong></span> <span class='ocrx_word' id='word_1_110' title='bbox 2198 2060 2359 2135; x_wconf 83' lang='lat' dir='ltr'><strong>vult</strong></span> <span class='ocrx_word' id='word_1_111' title='bbox 2424 2059 2695 2154; x_wconf 90' lang='lat' dir='ltr'><strong>spirat;</strong></span> <span class='ocrx_word' id='word_1_112' title='bbox 2765 2059 2962 2133; x_wconf 92' lang='lat' dir='ltr'><strong>unde</strong></span> <span class='ocrx_word' id='word_1_113' title='bbox 3025 2059 3236 2133; x_wconf 90' lang='lat' dir='ltr'><strong>multi</strong></span> 
     </span>
     <span class='ocr_line' id='line_1_15' title="bbox 898 2178 3237 2276; baseline 0 -22"><span class='ocrx_word' id='word_1_114' title='bbox 898 2182 1157 2256; x_wconf 84' lang='lat' dir='ltr'><strong>volunt</strong></span> <span class='ocrx_word' id='word_1_115' title='bbox 1207 2179 1405 2273; x_wconf 89' lang='lat' dir='ltr'><strong>quod</strong></span> <span class='ocrx_word' id='word_1_116' title='bbox 1455 2186 1671 2274; x_wconf 90' lang='lat' dir='ltr'><strong>poeta</strong></span> <span class='ocrx_word' id='word_1_117' title='bbox 1722 2178 2076 2276; x_wconf 88' lang='lat' dir='ltr'><strong>intelligat</strong></span> <span class='ocrx_word' id='word_1_118' title='bbox 2127 2179 2244 2253; x_wconf 88' lang='lat' dir='ltr'><strong>hic</strong></span> <span class='ocrx_word' id='word_1_119' title='bbox 2277 2179 2370 2253; x_wconf 91' lang='lat' dir='ltr'><strong>de</strong></span> <span class='ocrx_word' id='word_1_120' title='bbox 2402 2179 2709 2274; x_wconf 89' lang='lat' dir='ltr'><strong>Christo,</strong></span> <span class='ocrx_word' id='word_1_121' title='bbox 2753 2180 2880 2274; x_wconf 92' lang='lat' dir='ltr'><strong>qui</strong></span> <span class='ocrx_word' id='word_1_122' title='bbox 2916 2187 3024 2254; x_wconf 90' lang='lat' dir='ltr'><strong>est</strong></span> <span class='ocrx_word' id='word_1_123' title='bbox 3059 2201 3237 2255; x_wconf 90' lang='lat' dir='ltr'><strong>vera</strong></span> 
     </span>
     <span class='ocr_line' id='line_1_16' title="bbox 897 2298 3241 2395; baseline -0 -21"><span class='ocrx_word' id='word_1_124' title='bbox 897 2298 1249 2394; x_wconf 88' lang='lat' dir='ltr'><strong>sapientia</strong></span> <span class='ocrx_word' id='word_1_125' title='bbox 1301 2298 1572 2393; x_wconf 88' lang='lat' dir='ltr'><strong>Patris;</strong></span> <span class='ocrx_word' id='word_1_126' title='bbox 1619 2306 1865 2374; x_wconf 88' lang='lat' dir='ltr'><strong>tamen</strong></span> <span class='ocrx_word' id='word_1_127' title='bbox 1901 2299 2110 2374; x_wconf 92' lang='lat' dir='ltr'><strong>litera</strong></span> <span class='ocrx_word' id='word_1_128' title='bbox 2143 2320 2460 2394; x_wconf 88' lang='lat' dir='ltr'><strong>sequens</strong></span> <span class='ocrx_word' id='word_1_129' title='bbox 2492 2300 2803 2375; x_wconf 86' lang='lat' dir='ltr'><strong>ostendit</strong></span> <span class='ocrx_word' id='word_1_130' title='bbox 2845 2321 2980 2395; x_wconf 95' lang='lat' dir='ltr'><strong>per</strong></span> <span class='ocrx_word' id='word_1_131' title='bbox 3025 2302 3241 2375; x_wconf 82' lang='lat' dir='ltr'><strong>fabu-</strong></span> 
     </span>
     <span class='ocr_line' id='line_1_17' title="bbox 898 2419 3242 2516; baseline -0.001 -21"><span class='ocrx_word' id='word_1_132' title='bbox 898 2423 1070 2513; x_wconf 87' lang='lat' dir='ltr'><strong>lam,</strong></span> <span class='ocrx_word' id='word_1_133' title='bbox 1125 2420 1319 2515; x_wconf 89' lang='lat' dir='ltr'><strong>quod</strong></span> <span class='ocrx_word' id='word_1_134' title='bbox 1373 2427 1592 2494; x_wconf 87' lang='lat' dir='ltr'><strong>autor</strong></span> <span class='ocrx_word' id='word_1_135' title='bbox 1643 2420 1992 2515; x_wconf 85' lang='lat' dir='ltr'><strong>loquatur</strong></span> <span class='ocrx_word' id='word_1_136' title='bbox 2042 2419 2345 2515; x_wconf 88' lang='lat' dir='ltr'><strong>poetice,</strong></span> <span class='ocrx_word' id='word_1_137' title='bbox 2397 2424 2712 2514; x_wconf 82' lang='lat' dir='ltr'><strong>siccome,</strong></span> <span class='ocrx_word' id='word_1_138' title='bbox 2762 2422 3041 2516; x_wconf 90' lang='lat' dir='ltr'><strong>supple,</strong></span> <span class='ocrx_word' id='word_1_139' title='bbox 3095 2420 3242 2515; x_wconf 89' lang='lat' dir='ltr'><strong>spi-</strong></span> 
     </span>
     <span class='ocr_line' id='line_1_18' title="bbox 894 2539 3243 2635; baseline -0.001 -19"><span class='ocrx_word' id='word_1_140' title='bbox 894 2541 1093 2634; x_wconf 89' lang='lat' dir='ltr'><strong>rasti,</strong></span> <span class='ocrx_word' id='word_1_141' title='bbox 1139 2539 1409 2614; x_wconf 91' lang='lat' dir='ltr'><strong>scilicet</strong></span> <span class='ocrx_word' id='word_1_142' title='bbox 1476 2545 1631 2612; x_wconf 91' lang='lat' dir='ltr'><strong>tam</strong></span> <span class='ocrx_word' id='word_1_143' title='bbox 1682 2540 2016 2614; x_wconf 85' lang='lat' dir='ltr'><strong>valenter</strong></span> <span class='ocrx_word' id='word_1_144' title='bbox 2066 2545 2140 2614; x_wconf 86' lang='lat' dir='ltr'><strong>et</strong></span> <span class='ocrx_word' id='word_1_145' title='bbox 2198 2540 2615 2635; x_wconf 88' lang='lat' dir='ltr'><strong>efficaciter,</strong></span> <span class='ocrx_word' id='word_1_146' title='bbox 2669 2543 2952 2631; x_wconf 80' lang='lat' dir='ltr'><strong>quando</strong></span> <span class='ocrx_word' id='word_1_147' title='bbox 3003 2542 3243 2614; x_wconf 74' lang='lat' dir='ltr'><strong>traesti</strong></span> 
     </span>
     <span class='ocr_line' id='line_1_19' title="bbox 895 2659 3354 2755; baseline -0.002 -19"><span class='ocrx_word' id='word_1_148' title='bbox 895 2665 1199 2754; x_wconf 66' lang='lat' dir='ltr'><strong>Marcia,</strong></span> <span class='ocrx_word' id='word_1_149' title='bbox 1256 2661 1670 2754; x_wconf 89' lang='lat' dir='ltr'><strong>loquacem,</strong></span> <span class='ocrx_word' id='word_1_150' title='bbox 1723 2659 2083 2753; x_wconf 82' lang='lat' dir='ltr'><strong>fallacem,</strong></span> <span class='ocrx_word' id='word_1_151' title='bbox 2127 2659 2254 2754; x_wconf 90' lang='lat' dir='ltr'><strong>qui</strong></span> <span class='ocrx_word' id='word_1_152' title='bbox 2306 2665 2796 2755; x_wconf 87' lang='lat' dir='ltr'><strong>usurpaverat</strong></span> <span class='ocrx_word' id='word_1_153' title='bbox 2847 2660 2979 2734; x_wconf 87' lang='lat' dir='ltr'><strong>sibi</strong></span> <span class='ocrx_word' id='word_1_154' title='bbox 3031 2660 3240 2734; x_wconf 84' lang='lat' dir='ltr'><strong>fistu-</strong></span> <span class='ocrx_word' id='word_1_155' title='bbox 3349 2745 3354 2749; x_wconf 83' lang='lat'>.</span> 
     </span>
     <span class='ocr_line' id='line_1_20' title="bbox 894 2779 3245 2873; baseline -0 -18"><span class='ocrx_word' id='word_1_156' title='bbox 894 2782 1041 2856; x_wconf 92' lang='lat' dir='ltr'><strong>lam</strong></span> <span class='ocrx_word' id='word_1_157' title='bbox 1096 2779 1425 2873; x_wconf 81' lang='lat' dir='ltr'><strong>Palladis,</strong></span> <span class='ocrx_word' id='word_1_158' title='bbox 1492 2781 1676 2854; x_wconf 83' lang='lat' dir='ltr'><strong>della</strong></span> <span class='ocrx_word' id='word_1_159' title='bbox 1735 2782 2001 2870; x_wconf 68' lang='lat' dir='ltr'><strong>vapina</strong></span> <span class='ocrx_word' id='word_1_160' title='bbox 2064 2782 2236 2852; x_wconf 84' lang='lat' dir='ltr'><strong>delle</strong></span> <span class='ocrx_word' id='word_1_161' title='bbox 2298 2780 2611 2852; x_wconf 84' lang='lat' dir='ltr'><strong>membra</strong></span> <span class='ocrx_word' id='word_1_162' title='bbox 2665 2799 2826 2872; x_wconf 84' lang='lat' dir='ltr'><strong>sue,·</strong></span> <span class='ocrx_word' id='word_1_163' title='bbox 2885 2779 3090 2873; x_wconf 92' lang='lat' dir='ltr'><strong>idest,</strong></span> <span class='ocrx_word' id='word_1_164' title='bbox 3150 2779 3245 2854; x_wconf 93' lang='lat' dir='ltr'><strong>de</strong></span> 
     </span>
     <span class='ocr_line' id='line_1_21' title="bbox 893 2898 3246 2996; baseline -0.002 -21"><span class='ocrx_word' id='word_1_165' title='bbox 893 2902 1104 2996; x_wconf 92' lang='lat' dir='ltr'><strong>pelle,</strong></span> <span class='ocrx_word' id='word_1_166' title='bbox 1157 2920 1386 2994; x_wconf 90' lang='lat' dir='ltr'><strong>quam</strong></span> <span class='ocrx_word' id='word_1_167' title='bbox 1454 2919 1587 2994; x_wconf 92' lang='lat' dir='ltr'><strong>per</strong></span> <span class='ocrx_word' id='word_1_168' title='bbox 1663 2899 1997 2994; x_wconf 90' lang='lat' dir='ltr'><strong>pulcram</strong></span> <span class='ocrx_word' id='word_1_169' title='bbox 2066 2899 2576 2993; x_wconf 85' lang='lat' dir='ltr'><strong>metaphoram</strong></span> <span class='ocrx_word' id='word_1_170' title='bbox 2644 2899 2957 2993; x_wconf 90' lang='lat' dir='ltr'><strong>appellat</strong></span> <span class='ocrx_word' id='word_1_171' title='bbox 3036 2898 3246 2993; x_wconf 90' lang='lat' dir='ltr'><strong>vagi-</strong></span> 
     </span>
     <span class='ocr_line' id='line_1_22' title="bbox 899 3016 3248 3115; baseline -0.001 -21"><span class='ocrx_word' id='word_1_172' title='bbox 899 3042 1097 3115; x_wconf 90' lang='lat' dir='ltr'><strong>nam,</strong></span> <span class='ocrx_word' id='word_1_173' title='bbox 1150 3039 1320 3114; x_wconf 83' lang='lat' dir='ltr'><strong>quae</strong></span> <span class='ocrx_word' id='word_1_174' title='bbox 1369 3018 1712 3113; x_wconf 90' lang='lat' dir='ltr'><strong>continet,</strong></span> <span class='ocrx_word' id='word_1_175' title='bbox 1765 3025 2153 3093; x_wconf 85' lang='lat' dir='ltr'><strong>conservat</strong></span> <span class='ocrx_word' id='word_1_176' title='bbox 2203 3025 2279 3092; x_wconf 87' lang='lat' dir='ltr'><strong>et</strong></span> <span class='ocrx_word' id='word_1_177' title='bbox 2329 3016 2642 3093; x_wconf 90' lang='lat' dir='ltr'><strong>custodit</strong></span> <span class='ocrx_word' id='word_1_178' title='bbox 2691 3037 3019 3112; x_wconf 88' lang='lat' dir='ltr'><strong>carnem,</strong></span> <span class='ocrx_word' id='word_1_179' title='bbox 3058 3018 3248 3092; x_wconf 90' lang='lat' dir='ltr'><strong>sicut</strong></span> 
     </span>
     <span class='ocr_line' id='line_1_23' title="bbox 906 3134 3251 3235; baseline -0.001 -20"><span class='ocrx_word' id='word_1_180' title='bbox 906 3140 1172 3235; x_wconf 83' lang='lat' dir='ltr'><strong>vagina</strong></span> <span class='ocrx_word' id='word_1_181' title='bbox 1233 3138 1580 3235; x_wconf 85' lang='lat' dir='ltr'><strong>gladium.</strong></span> <span class='ocrx_word' id='word_1_182' title='bbox 1609 3179 1709 3193; x_wconf 96' lang='lat'>—</span> <span class='ocrx_word' id='word_1_183' title='bbox 1743 3143 1804 3212; x_wconf 88' lang='lat'><em>0</em></span> <span class='ocrx_word' id='word_1_184' title='bbox 1864 3141 2107 3212; x_wconf 78' lang='lat' dir='ltr'><strong>divina</strong></span> <span class='ocrx_word' id='word_1_185' title='bbox 2166 3134 2370 3213; x_wconf 68' lang='lat' dir='ltr'><strong>virli).</strong></span> <span class='ocrx_word' id='word_1_186' title='bbox 2432 3138 2642 3212; x_wconf 89' lang='lat' dir='ltr'><strong>Nunc</strong></span> <span class='ocrx_word' id='word_1_187' title='bbox 2704 3146 2921 3233; x_wconf 88' lang='lat' dir='ltr'><strong>poeta</strong></span> <span class='ocrx_word' id='word_1_188' title='bbox 2980 3137 3251 3212; x_wconf 90' lang='lat' dir='ltr'><strong>Dantes</strong></span> 
     </span>
     <span class='ocr_line' id='line_1_24' title="bbox 902 3256 3246 3353; baseline 0.001 -22"><span class='ocrx_word' id='word_1_189' title='bbox 902 3266 989 3332; x_wconf 91' lang='lat' dir='ltr'><strong>ut</strong></span> <span class='ocrx_word' id='word_1_190' title='bbox 1041 3257 1293 3332; x_wconf 91' lang='lat' dir='ltr'><strong>reddat</strong></span> <span class='ocrx_word' id='word_1_191' title='bbox 1343 3256 1748 3352; x_wconf 82' lang='lat' dir='ltr'><strong>Apollinem</strong></span> <span class='ocrx_word' id='word_1_192' title='bbox 1799 3258 2195 3353; x_wconf 90' lang='lat' dir='ltr'><strong>propitium</strong></span> <span class='ocrx_word' id='word_1_193' title='bbox 2249 3265 2324 3333; x_wconf 95' lang='lat' dir='ltr'><strong>et</strong></span> <span class='ocrx_word' id='word_1_194' title='bbox 2376 3258 2847 3333; x_wconf 84' lang='lat' dir='ltr'><strong>favorabilem</strong></span> <span class='ocrx_word' id='word_1_195' title='bbox 2885 3258 3018 3332; x_wconf 90' lang='lat' dir='ltr'><strong>sibi</strong></span> <span class='ocrx_word' id='word_1_196' title='bbox 3053 3258 3246 3333; x_wconf 88' lang='lat' dir='ltr'><strong>circa</strong></span> 
     </span>
     <span class='ocr_line' id='line_1_25' title="bbox 901 3373 3252 3474; baseline -0 -22"><span class='ocrx_word' id='word_1_197' title='bbox 901 3373 1323 3474; x_wconf 90' lang='lat' dir='ltr'><strong>petitionem</strong></span> <span class='ocrx_word' id='word_1_198' title='bbox 1377 3398 1618 3472; x_wconf 91' lang='lat' dir='ltr'><strong>suam,</strong></span> <span class='ocrx_word' id='word_1_199' title='bbox 1653 3379 2011 3473; x_wconf 91' lang='lat' dir='ltr'><strong>promittit</strong></span> <span class='ocrx_word' id='word_1_200' title='bbox 2060 3378 2157 3451; x_wconf 91' lang='lat' dir='ltr'><strong>illi</strong></span> <span class='ocrx_word' id='word_1_201' title='bbox 2212 3378 2915 3472; x_wconf 86' lang='lat' dir='ltr'><strong>remunerationem,</strong></span> <span class='ocrx_word' id='word_1_202' title='bbox 2976 3378 3252 3453; x_wconf 87' lang='lat' dir='ltr'><strong>scilicet</strong></span> 
     </span>
     <span class='ocr_line' id='line_1_26' title="bbox 905 3491 3252 3589; baseline 0.001 -18"><span class='ocrx_word' id='word_1_203' title='bbox 905 3497 1440 3571; x_wconf 90' lang='lat' dir='ltr'><strong>laureationem</strong></span> <span class='ocrx_word' id='word_1_204' title='bbox 1495 3497 1609 3570; x_wconf 91' lang='lat' dir='ltr'><strong>sui</strong></span> <span class='ocrx_word' id='word_1_205' title='bbox 1659 3491 1758 3589; x_wconf 74' lang='lat'><strong>(¹).</strong></span> <span class='ocrx_word' id='word_1_206' title='bbox 1809 3497 1920 3571; x_wconf 82' lang='lat' dir='ltr'><strong>Ad</strong></span> <span class='ocrx_word' id='word_1_207' title='bbox 1961 3497 2172 3572; x_wconf 92' lang='lat' dir='ltr'><strong>cuius</strong></span> <span class='ocrx_word' id='word_1_208' title='bbox 2210 3498 2315 3573; x_wconf 90' lang='lat' dir='ltr'><strong>rei</strong></span> <span class='ocrx_word' id='word_1_209' title='bbox 2350 3497 2913 3573; x_wconf 90' lang='lat' dir='ltr'><strong>declarationem</strong></span> <span class='ocrx_word' id='word_1_210' title='bbox 2953 3505 3062 3574; x_wconf 92' lang='lat' dir='ltr'><strong>est</strong></span> <span class='ocrx_word' id='word_1_211' title='bbox 3095 3501 3252 3574; x_wconf 91' lang='lat' dir='ltr'><strong>ala-</strong></span> 
     </span>
     <span class='ocr_line' id='line_1_27' title="bbox 906 3615 3253 3712; baseline 0.001 -21"><span class='ocrx_word' id='word_1_212' title='bbox 906 3617 1015 3692; x_wconf 92' lang='lat' dir='ltr'><strong>cri</strong></span> <span class='ocrx_word' id='word_1_213' title='bbox 1046 3616 1295 3691; x_wconf 85' lang='lat' dir='ltr'><strong>animo</strong></span> <span class='ocrx_word' id='word_1_214' title='bbox 1336 3615 1979 3712; x_wconf 90' lang='lat' dir='ltr'><strong>considerandum,</strong></span> <span class='ocrx_word' id='word_1_215' title='bbox 2031 3617 2230 3712; x_wconf 91' lang='lat' dir='ltr'><strong>quod</strong></span> <span class='ocrx_word' id='word_1_216' title='bbox 2270 3618 2528 3692; x_wconf 89' lang='lat' dir='ltr'><strong>laurus</strong></span> <span class='ocrx_word' id='word_1_217' title='bbox 2580 3618 2799 3692; x_wconf 88' lang='lat' dir='ltr'><strong>habet</strong></span> <span class='ocrx_word' id='word_1_218' title='bbox 2831 3618 2924 3692; x_wconf 95' lang='lat' dir='ltr'><strong>de</strong></span> <span class='ocrx_word' id='word_1_219' title='bbox 2960 3618 3074 3693; x_wconf 87' lang='lat' dir='ltr'><strong>sui</strong></span> <span class='ocrx_word' id='word_1_220' title='bbox 3116 3639 3253 3693; x_wconf 91' lang='lat' dir='ltr'><strong>na-</strong></span> 
     </span>
     <span class='ocr_line' id='line_1_28' title="bbox 906 3735 3254 3832; baseline 0.001 -22"><span class='ocrx_word' id='word_1_221' title='bbox 906 3744 1075 3811; x_wconf 90' lang='lat' dir='ltr'><strong>tura</strong></span> <span class='ocrx_word' id='word_1_222' title='bbox 1143 3735 1392 3830; x_wconf 87' lang='lat' dir='ltr'><strong>plures</strong></span> <span class='ocrx_word' id='word_1_223' title='bbox 1459 3735 1859 3811; x_wconf 88' lang='lat' dir='ltr'><strong>laudabiles</strong></span> <span class='ocrx_word' id='word_1_224' title='bbox 1927 3737 2458 3832; x_wconf 88' lang='lat' dir='ltr'><strong>proprietates:</strong></span> <span class='ocrx_word' id='word_1_225' title='bbox 2524 3736 2784 3832; x_wconf 82' lang='lat' dir='ltr'><strong>prime,</strong></span> <span class='ocrx_word' id='word_1_226' title='bbox 2854 3737 3029 3832; x_wconf 90' lang='lat' dir='ltr'><strong>quia</strong></span> <span class='ocrx_word' id='word_1_227' title='bbox 3095 3738 3254 3812; x_wconf 93' lang='lat' dir='ltr'><strong>eius</strong></span> 
     </span>
     <span class='ocr_line' id='line_1_29' title="bbox 907 3855 3254 3953; baseline -0 -21"><span class='ocrx_word' id='word_1_228' title='bbox 907 3863 1175 3932; x_wconf 87' lang='lat' dir='ltr'><strong>natura</strong></span> <span class='ocrx_word' id='word_1_229' title='bbox 1225 3861 1339 3930; x_wconf 89' lang='lat' dir='ltr'><strong>est</strong></span> <span class='ocrx_word' id='word_1_230' title='bbox 1387 3855 1617 3931; x_wconf 91' lang='lat' dir='ltr'><strong>calida</strong></span> <span class='ocrx_word' id='word_1_231' title='bbox 1670 3863 1744 3931; x_wconf 87' lang='lat' dir='ltr'><strong>et</strong></span> <span class='ocrx_word' id='word_1_232' title='bbox 1794 3857 2007 3951; x_wconf 87' lang='lat' dir='ltr'><strong>sicca,</strong></span> <span class='ocrx_word' id='word_1_233' title='bbox 2061 3857 2225 3931; x_wconf 89' lang='lat' dir='ltr'><strong>ideo</strong></span> <span class='ocrx_word' id='word_1_234' title='bbox 2277 3857 2468 3932; x_wconf 91' lang='lat' dir='ltr'><strong>bene</strong></span> <span class='ocrx_word' id='word_1_235' title='bbox 2519 3858 2866 3953; x_wconf 89' lang='lat' dir='ltr'><strong>competit</strong></span> <span class='ocrx_word' id='word_1_236' title='bbox 2898 3858 3130 3953; x_wconf 87' lang='lat' dir='ltr'><strong>poetis</strong></span> <span class='ocrx_word' id='word_1_237' title='bbox 3179 3864 3254 3932; x_wconf 87' lang='lat' dir='ltr'><strong>et</strong></span> 
     </span>
    </p>
   </div>
   <div class='ocr_carea' id='block_1_3' title="bbox 909 3975 3374 4073">
    <p class='ocr_par' dir='ltr' id='par_1_3' title="bbox 909 3975 3374 4073">
     <span class='ocr_line' id='line_1_30' title="bbox 909 3975 3374 4073; baseline 0 -22"><span class='ocrx_word' id='word_1_238' title='bbox 909 3975 1382 4072; x_wconf 85' lang='lat' dir='ltr'><strong>principibus,</strong></span> <span class='ocrx_word' id='word_1_239' title='bbox 1436 3975 1562 4070; x_wconf 91' lang='lat' dir='ltr'><strong>qui</strong></span> <span class='ocrx_word' id='word_1_240' title='bbox 1613 3975 1862 4051; x_wconf 92' lang='lat' dir='ltr'><strong>calore</strong></span> <span class='ocrx_word' id='word_1_241' title='bbox 1897 3976 2166 4073; x_wconf 89' lang='lat' dir='ltr'><strong>ingenii</strong></span> <span class='ocrx_word' id='word_1_242' title='bbox 2202 3983 2276 4052; x_wconf 96' lang='lat' dir='ltr'><strong>et</strong></span> <span class='ocrx_word' id='word_1_243' title='bbox 2308 3976 2533 4051; x_wconf 89' lang='lat' dir='ltr'><strong>animi</strong></span> <span class='ocrx_word' id='word_1_244' title='bbox 2566 3977 2981 4052; x_wconf 89' lang='lat' dir='ltr'><strong>avidissime</strong></span> <span class='ocrx_word' id='word_1_245' title='bbox 3025 3978 3256 4073; x_wconf 90' lang='lat' dir='ltr'><strong>petie-</strong></span> <span class='ocrx_word' id='word_1_246' title='bbox 3367 4030 3374 4036; x_wconf 82' lang='lat'><em>-</em></span> 
     </span>
    </p>
   </div>
   <div class='ocr_carea' id='block_1_4' title="bbox 911 4095 3259 4193">
    <p class='ocr_par' dir='ltr' id='par_1_4' title="bbox 911 4095 3259 4193">
     <span class='ocr_line' id='line_1_31' title="bbox 911 4095 3259 4193; baseline 0.001 -24"><span class='ocrx_word' id='word_1_247' title='bbox 911 4102 1088 4170; x_wconf 92' lang='lat' dir='ltr'><strong>runt</strong></span> <span class='ocrx_word' id='word_1_248' title='bbox 1119 4095 1441 4188; x_wconf 91' lang='lat' dir='ltr'><strong>laudem,</strong></span> <span class='ocrx_word' id='word_1_249' title='bbox 1479 4096 1835 4170; x_wconf 88' lang='lat' dir='ltr'><strong>honorem</strong></span> <span class='ocrx_word' id='word_1_250' title='bbox 1876 4102 1950 4170; x_wconf 92' lang='lat' dir='ltr'><strong>et</strong></span> <span class='ocrx_word' id='word_1_251' title='bbox 1984 4096 2332 4192; x_wconf 85' lang='lat' dir='ltr'><strong>gloriam:</strong></span> <span class='ocrx_word' id='word_1_252' title='bbox 2370 4097 2718 4191; x_wconf 89' lang='lat' dir='ltr'><strong>secundo,</strong></span> <span class='ocrx_word' id='word_1_253' title='bbox 2756 4098 2928 4193; x_wconf 91' lang='lat' dir='ltr'><strong>quia</strong></span> <span class='ocrx_word' id='word_1_254' title='bbox 2964 4118 3259 4193; x_wconf 91' lang='lat' dir='ltr'><strong>semper</strong></span> 
     </span>
    </p>
   </div>
   <div class='ocr_carea' id='block_1_5' title="bbox 911 4213 3258 4444">
    <p class='ocr_par' dir='ltr' id='par_1_5' title="bbox 911 4213 3258 4444">
     <span class='ocr_line' id='line_1_32' title="bbox 911 4213 3258 4315; baseline 0.001 -27"><span class='ocrx_word' id='word_1_255' title='bbox 911 4213 1124 4307; x_wconf 90' lang='lat' dir='ltr'><strong>viret,</strong></span> <span class='ocrx_word' id='word_1_256' title='bbox 1176 4220 1251 4287; x_wconf 90' lang='lat' dir='ltr'><strong>et</strong></span> <span class='ocrx_word' id='word_1_257' title='bbox 1300 4213 1400 4287; x_wconf 90' lang='lat' dir='ltr'><strong>ita</strong></span> <span class='ocrx_word' id='word_1_258' title='bbox 1452 4213 1649 4288; x_wconf 81' lang='lat' dir='ltr'><strong>fama</strong></span> <span class='ocrx_word' id='word_1_259' title='bbox 1700 4213 2112 4309; x_wconf 88' lang='lat' dir='ltr'><strong>principum</strong></span> <span class='ocrx_word' id='word_1_260' title='bbox 2156 4223 2230 4289; x_wconf 93' lang='lat' dir='ltr'><strong>et</strong></span> <span class='ocrx_word' id='word_1_261' title='bbox 2270 4223 2657 4310; x_wconf 88' lang='lat' dir='ltr'><strong>poetarum</strong></span> <span class='ocrx_word' id='word_1_262' title='bbox 2695 4238 2988 4313; x_wconf 91' lang='lat' dir='ltr'><strong>semper</strong></span> <span class='ocrx_word' id='word_1_263' title='bbox 3022 4217 3258 4315; x_wconf 83' lang='lat' dir='ltr'><strong>viget3</strong></span> 
     </span>
     <span class='ocr_line' id='line_1_33' title="bbox 913 4331 3255 4444; baseline 0.001 -38"><span class='ocrx_word' id='word_1_264' title='bbox 913 4332 1064 4406; x_wconf 90' lang='lat' dir='ltr'><strong>imo</strong></span> <span class='ocrx_word' id='word_1_265' title='bbox 1115 4331 1174 4404; x_wconf 91' lang='lat' dir='ltr'><strong>si</strong></span> <span class='ocrx_word' id='word_1_266' title='bbox 1228 4336 1511 4405; x_wconf 89' lang='lat' dir='ltr'><strong>tantum</strong></span> <span class='ocrx_word' id='word_1_267' title='bbox 1565 4332 1859 4407; x_wconf 91' lang='lat' dir='ltr'><strong>dimidia</strong></span> <span class='ocrx_word' id='word_1_268' title='bbox 1912 4333 2134 4409; x_wconf 89' lang='lat' dir='ltr'><strong>bacca</strong></span> <span class='ocrx_word' id='word_1_269' title='bbox 2186 4335 2376 4408; x_wconf 93' lang='lat' dir='ltr'><strong>lauri</strong></span> <span class='ocrx_word' id='word_1_270' title='bbox 2426 4337 2794 4444; x_wconf 82' lang='lat' dir='ltr'><strong>plantetur</strong></span> <span class='ocrx_word' id='word_1_271' title='bbox 2845 4336 3255 4433; x_wconf 85' lang='lat' dir='ltr'><strong>germinat:</strong></span> 
     </span>
    </p>
   </div>
   <div class='ocr_carea' id='block_1_6' title="bbox 1036 4590 1385 4652">
    <p class='ocr_par' dir='ltr' id='par_1_6' title="bbox 1036 4590 1385 4652">
     <span class='ocr_line' id='line_1_34' title="bbox 1036 4590 1385 4652; baseline 0.003 -12"><span class='ocrx_word' id='word_1_272' title='bbox 1036 4590 1092 4652; x_wconf 90' lang='lat'><strong>(¹)</strong></span> <span class='ocrx_word' id='word_1_273' title='bbox 1125 4590 1187 4640; x_wconf 88' lang='grc' dir='ltr'><strong>Ε.</strong></span> <span class='ocrx_word' id='word_1_274' title='bbox 1221 4603 1385 4641; x_wconf 77' lang='lat' dir='ltr'><strong>suam.</strong></span> 
     </span>
    </p>
   </div>
  </div>
 </body>
</html>
