3734 5567
1096 509 1371 564 CANTUS
1420 510 1803 565 wensmns
1852 510 2216 565 surmus.
2685 500 2821 565 145

474 656 547 730 in
598 658 906 754 sylvam,
959 662 1035 731 et
1084 657 1381 731 invento
1440 656 1656 752 pallio
1715 661 2100 730 cruentato
2151 655 2456 730 credens
2503 655 2814 753 Tysbem

476 775 905 852 devoratam
943 797 988 851 a
1022 775 1200 868 fera,
1238 775 1424 849 facta
1459 774 1794 849 dolorosa
1830 782 1905 850 et
1938 795 2207 871 magna
2250 776 2576 869 querela,
2613 773 2812 869 quod

472 896 997 971 amantissimae
1047 895 1312 993 virgini
1361 895 1793 992 praebuisset
1841 916 2141 970 causam
2181 895 2435 969 mortis
2475 895 2813 992 indignae,

478 1015 709 1090 infixit
759 1016 1084 1112 gladium
1138 1015 1413 1111 pectori
1465 1036 1622 1089 suo.
1676 1017 1825 1090 Nec
1878 1036 2086 1090 mora
2108 1040 2129 1109 ;
2180 1016 2415 1112 Tysbe
2465 1036 2559 1090 ne
2609 1013 2813 1090 vide-

477 1142 689 1210 retur
728 1135 1078 1210 delusisse
1119 1140 1516 1228 amantem,
1551 1142 1683 1208 aut
1716 1134 2085 1210 cruciaret
2119 1141 2655 1231 expectantem,
2699 1153 2820 1208 re-

323 1305 348 1333 ,
476 1253 674 1328 dibat
723 1253 816 1327 ad
870 1253 1170 1347 sontem,
1223 1253 1348 1327 ubi
1399 1253 1867 1349 palpitantem
1929 1253 2171 1328 adhuc
2221 1254 2626 1350 Pyramum
2678 1251 2817 1325 sub

475 1374 672 1447 lunae
701 1373 983 1447 lumine
1019 1373 1482 1469 recognovit3
1519 1381 1594 1448 et
1637 1394 1860 1448 ruens
1888 1368 1961 1466 (¹)
1996 1394 2219 1469 super
2249 1376 2620 1469 jacentem
2655 1392 2818 1446 am-

476 1492 809 1587 plexibus
862 1498 936 1566 et
986 1493 1328 1589 lacrymis
1381 1492 1779 1589 fugientem
1804 1494 1963 1587 jam
2011 1494 2334 1567 animam
2387 1491 2819 1585 revocabat3

476 1611 603 1686 sed
653 1610 906 1686 videns
957 1619 1274 1686 mortem
1326 1619 1759 1707 praesentem
1814 1613 2128 1709 amplius
2173 1614 2422 1689 vivere
2456 1633 2602 1686 non
2641 1611 2822 1684 sub-

476 1730 745 1805 stinuit.
806 1731 1006 1806 Unde
1054 1752 1313 1807 amore
1346 1737 1419 1806 et
1460 1732 1713 1806 dolore
1747 1731 2106 1827 vincente,
2149 1739 2480 1807 extracto
2521 1731 2613 1805 de
2653 1729 2822 1804 vul-

478 1873 657 1928 nere
707 1873 882 1927 ense
933 1873 1153 1926 suum
1210 1873 1479 1927 vocans
1535 1855 1961 1950 Pyramum,
2014 1852 2275 1927 eodem
2327 1872 2408 1926 se
2456 1847 2816 1925 transfixit

475 1993 697 2068 super
748 1993 947 2047 eum.
1001 1972 1188 2061 Quid
1241 1975 1461 2068 plus?
1510 1974 1873 2069 Pyramus
1906 1973 1998 2048 ad
2034 1992 2305 2047 nomen
2354 1972 2627 2068 Tysbes
2658 1972 2817 2066 jam

475 2091 630 2167 fere
679 2093 967 2167 clausos
1016 2092 1305 2188 aperuit
1367 2092 1640 2185 ocuIOS,
1694 2099 1768 2168 et
1828 2093 1933 2166 sic
1993 2093 2266 2189 pariter
2318 2093 2679 2188 Pyramus
2745 2096 2817 2163 et

474 2212 708 2307 Tysbe
764 2211 1030 2287 relictis
1077 2212 1506 2307 corporibus
1540 2212 1843 2286 strictim
1885 2213 2210 2286 conflatis
2252 2211 2470 2285 simul
2511 2209 2819 2284 descen-

474 2330 741 2406 derunt
780 2330 873 2405 ad
912 2331 1206 2425 inferOS,
1266 2332 1390 2406 ubi
1443 2332 1678 2405 nullos
1728 2332 2021 2426 spiritus
2071 2331 2395 2407 velocius
2430 2331 2703 2423 volare,
2746 2337 2820 2404 et

475 2450 943 2526 affectuosius
1000 2453 1369 2546 querelari
1429 2451 1885 2527 crediderim.
1943 2452 2154 2526 Nunc
2222 2452 2388 2526 vide
2451 2456 2812 2545 quantum

479 2572 902 2666 exemplum
952 2573 1272 2647 duorum
1337 2572 1748 2647 amantium
1809 2573 2078 2646 habeat
2136 2592 2482 2668 magnam
2544 2591 2818 2645 conve—

476 2688 827 2765 nientiam
878 2712 1050 2765 cum
1100 2713 1360 2767 amore
1409 2693 1656 2766 Dantis
1708 2697 1780 2766 et
1814 2691 2181 2765 Beatricis.
2224 2691 2410 2765 Nam
2452 2690 2816 2785 Pyramus

475 2815 549 2883 et
602 2810 836 2905 Tysbe
885 2812 977 2887 de
1027 2812 1305 2887 famosa
1340 2812 1734 2908 Babylonia
1760 2813 2076 2907 juvenes
2115 2810 2306 2905 capti
2345 2815 2517 2884 sunt
2554 2827 2815 2882 amore

477 2929 786 3004 mirabili
838 2931 932 3006 ab
988 2931 1137 3026 ipsa
1188 2933 1502 3029 pueritia
1545 2951 1782 3025 usque
1818 2930 1912 3004 ad
1958 2936 2274 3004 mortem
2318 2928 2475 3003 sine
2509 2927 2814 3020 effectu3

475 3047 573 3122 ita
626 3050 895 3126 Dantes
945 3058 1020 3125 et
1068 3052 1361 3127 Beatrix
1412 3051 1504 3126 de
1557 3051 1840 3126 florenti
1883 3049 2269 3125 Florentia.
2321 3050 2411 3122 Et
2470 3048 2530 3120 si
2580 3046 2815 3143 Tysbe

473 3176 806 3243 amatum
861 3172 1259 3268 Pyramum
1318 3178 1698 3246 mortuum
1748 3172 1978 3245 voluit
2029 3170 2236 3264 sequi
2289 3187 2422 3263 per
2471 3173 2816 3271 mortem,

474 3295 549 3363 et
606 3289 875 3364 Dantes
944 3312 989 3366 e
1051 3312 1408 3366 converso
1478 3298 1850 3365 mortuam
1921 3297 2246 3365 amatam
2314 3288 2545 3364 voluit
2608 3286 2816 3381 sequi

473 3416 634 3504 post
683 3418 1024 3506 mortem,
1075 3418 1149 3486 et
1199 3411 1475 3486 felicius
1527 3433 1698 3485 cum
1753 3411 1874 3485 illa
1939 3410 2098 3486 fieri
2148 3411 2428 3484 beatus·
2484 3408 2591 3482 Ad
2657 3407 2821 3481 lite-

477 3550 639 3604 ram
676 3550 857 3625 ergo
889 3531 1058 3605 dicit
1097 3539 1349 3626 poeta:
1396 3533 1547 3628 Ego
1581 3532 1872 3625 Dantes,
1910 3534 2013 3604 Mi
2053 3534 2229 3604 volsi
2261 3533 2338 3603 al
2368 3531 2568 3602 savio
2602 3530 2812 3616 duca,

473 3650 563 3725 ad
614 3649 993 3745 Virgilium
1047 3651 1172 3745 qui
1226 3672 1422 3726 nunc
1472 3649 1898 3725 ostendebat
1947 3670 2029 3725 se
2077 3649 2378 3744 durum,
2448 3649 2725 3722 udendo
2768 3648 2824 3718 il

475 3789 704 3860 nome,
753 3769 970 3844 dulce
1027 3770 1396 3865 BeatriciS,
1458 3772 1577 3844 che
1631 3772 1817 3842 nella
1879 3776 2097 3843 mente
2145 3789 2418 3861 sempre
2467 3771 2564 3839 mi
2610 3786 2814 3839 ram-

467 3892 690 3980 polla,
764 3887 969 3980 idest,
1046 3890 1459 3984 repullulat,
1529 3896 1603 3964 et
1672 3888 2072 3982 revirescit,
2147 3892 2221 3962 la
2286 3890 2432 3960 mia
2496 3890 2817 3960 durezza

469 4011 650 4101 satta
710 4011 917 4099 solla,
969 4008 1182 4102 idest,
1238 4009 1457 4103 molli,
1519 4002 1660 4083 cosi
1720 4030 1913 4082 come
1976 4012 2295 4100 Piramo,
2364 4025 2633 4080 nomen
2702 4010 2815 4077 est

474 4130 953 4205 conveniens:
1006 4130 1367 4225 Pyramus
1416 4129 1635 4223 enim,
1674 4130 1877 4224 idest,
1929 4129 2195 4204 ardens
2246 4147 2526 4221 amore,
2563 4145 2816 4217 aperse

472 4251 529 4321 il
572 4251 801 4343 etalio,
859 4250 1220 4342 clausum,
1273 4252 1348 4321 in
1396 4270 1478 4321 su
1528 4253 1601 4322 la
1651 4256 1874 4321 morte
1931 4252 2010 4322 al
2052 4268 2258 4321 nome
2315 4249 2391 4321 di
2431 4247 2685 4339 ·1¹isbe;
2741 4250 2815 4319 et

471 4367 678 4443 dicit:
733 4390 771 4441 e
816 4371 1262 4458 riquardolla
1316 4371 1504 4442 allor
1566 4370 1686 4442 che
1717 4371 1769 4441 ’l
1820 4372 2038 4460 98150,
2089 4368 2295 4461 idest,
2357 4367 2581 4442 arbor
2640 4384 2811 4459 quae

599 4623 654 4687 (¹)
688 4625 748 4674 B.
784 4625 1005 4677 irruens.

741 4730 818 4775 lv.
2499 4730 2554 4773 10
