3734 5567
1331 501 1608 558 CAN'rus
1656 505 1988 570 Qum'rus.
2680 501 2816 567 401

477 651 683 746 idest,
735 645 1138 724 secundum
1191 648 1389 741 quod
1440 650 1602 744 plus
1666 651 2060 746 cognoscit,
2114 645 2257 725 cosi
2316 658 2433 727 nel
2477 655 2645 729 bene
2693 678 2827 750 ap—

469 794 681 867 preso
730 791 973 844 muove
1002 770 1057 841 il
1081 771 1304 860 piede,
1357 769 1561 864 idest,
1612 770 2072 846 affectionem
2127 771 2201 846 in
2251 773 2490 868 ipsum
2546 776 2822 850 bonum

474 892 874 990 cognitum,
937 888 1111 983 quia
1176 889 1524 963 continuo
1588 891 1821 986 magis
1882 891 2107 965 tendit
2170 892 2245 966 in
2309 894 2565 968 altum.
2598 936 2695 949 —
2726 900 2826 969 Io.

472 1013 601 1088 Hic
653 1009 946 1086 Beatrix
997 1008 1320 1083 declarat
1369 1009 1441 1082 in
1495 1029 1587 1083 eo
1638 1010 1834 1104 quod
1886 1010 2087 1105 dixit,
2123 1011 2404 1087 dicens:
2459 1019 2540 1086 Io
2575 1018 2821 1106 veyyio

475 1137 603 1208 ben
648 1126 708 1207 si
756 1152 949 1205 come
996 1121 1117 1224 yid
1165 1132 1515 1222 deplende
1564 1134 1720 1204 nelt’
1745 1135 2065 1206 intellecto
2117 1139 2232 1206 tuo
2283 1137 2328 1207 l’
2355 1141 2594 1208 eterna
2647 1139 2819 1226 luce,

477 1256 765 1348 scilicet,
808 1252 1172 1345 veritatis3
1217 1258 1294 1326 et
1342 1251 1551 1326 dicit:
1603 1254 1724 1324 che
1773 1255 1950 1327 vista
1999 1257 2155 1327 sola
2204 1275 2242 1326 e
2289 1275 2563 1347 sempre
2610 1276 2822 1329 amor

477 1378 791 1450 accende.
844 1374 933 1446 Et
983 1373 1099 1447 hic
1150 1378 1322 1446 nota
1372 1372 1584 1468 bene,
1620 1373 1819 1466 quod
1871 1373 2005 1448 ista
2058 1375 2266 1451 litera
2320 1380 2557 1469 potest
2606 1377 2822 1452 intel-

476 1495 598 1593 ligi
648 1496 723 1569 in
765 1514 981 1569 sensu
1020 1491 1421 1587 composito
1457 1498 1532 1567 et
1577 1493 1651 1565 in
1700 1512 1920 1567 sensu
1955 1494 2204 1569 diviso.
2244 1497 2324 1569 In
2359 1515 2574 1571 sensu
2615 1517 2821 1571 com—

479 1616 709 1712 posito
741 1614 1165 1710 dupliciter3
1204 1634 1356 1687 uno
1391 1613 1635 1708 modo,
1678 1614 1820 1688 sic:
1863 1617 2009 1706 elce,
2051 1615 2256 1710 idest,
2294 1638 2520 1710 quam
2574 1620 2816 1694 lucem

477 1742 854 1829 aeternam,
904 1738 1062 1808 sola
1111 1736 1316 1824 vista,
1351 1733 1557 1827 idest,
1594 1735 1747 1808 sola
1800 1733 1981 1808 visio
2016 1734 2519 1811 intellectualis
2558 1758 2824 1814 accen-

476 1856 615 1950 dit,
668 1857 795 1931 sed
844 1855 980 1930 ista
1031 1854 1383 1950 expositio
1435 1853 1725 1928 videtur
1777 1855 2196 1950 impropria,
2240 1857 2411 1949 quia
2457 1858 2638 1933 visio
2683 1861 2824 1933 hu-

476 1998 694 2052 mana
735 1997 880 2049 non
915 1975 1243 2051 accendit
1277 1975 1520 2049 lucem
1558 1979 1936 2070 aeternam,
1973 1975 2101 2049 sed
2136 1975 2378 2070 potius
2429 1996 2473 2050 e
2523 1984 2819 2052 contra-

477 2097 617 2172 rio:
668 2096 813 2171 alio
866 2096 1107 2190 modo,
1160 2095 1302 2169 sic:
1338 2097 1457 2168 che
1489 2097 1668 2167 υιέια
1706 2097 1889 2185 sola,
1925 2094 2128 2188 idest,
2165 2116 2335 2189 quae
2377 2098 2505 2170 lux
2541 2102 2820 2172 aeterna

474 2217 623 2292 visa
686 2217 864 2310 sola,
927 2216 1027 2290 ita
1092 2215 1289 2310 quod
1357 2207 1407 2288 zi
1475 2217 1626 2287 visa
1694 2220 2012 2309 ponatur
2072 2215 2613 2310 participialiter
2673 2237 2820 2290 non

471 2335 978 2427 nominaliter3
1031 2341 1107 2409 et
1157 2333 1292 2409 ista
1343 2334 1696 2429 expositio
1756 2334 1977 2409 etiam
2047 2354 2195 2409 non
2259 2336 2549 2411 videtur
2609 2355 2822 2431 posse

472 2463 689 2548 stare,
743 2454 915 2548 quia
966 2454 1143 2529 illud
1193 2462 1260 2527 et
1307 2474 1451 2528 non
1505 2454 1725 2529 habet
1774 2454 1949 2548 quid
1982 2446 2057 2548 (⁴)
2108 2457 2425 2551 copulet,
2462 2463 2536 2531 et
2582 2457 2819 2533 oratio

474 2583 583 2651 aet
632 2594 926 2669 semper
976 2576 1436 2671 suspensiva;
1488 2575 1651 2650 ideo
1710 2575 1846 2650 ista
1910 2575 2120 2650 litera
2179 2583 2288 2651 est
2351 2577 2814 2674 intelligenda

474 2695 543 2769 in
594 2715 810 2769 sensu
864 2694 1115 2788 diviso,
1168 2694 1266 2768 ita
1331 2702 1414 2768 ut
1477 2683 1914 2790 exponatur,
1967 2698 2111 2789 che,
2181 2695 2389 2790 idest,
2452 2716 2620 2790 quae
2685 2697 2814 2769 lux

468 2821 768 2908 aeterna,
821 2818 1024 2905 vista,
1077 2814 1281 2909 idest,
1316 2821 1458 2889 stat
1508 2815 1604 2888 ibi
1655 2814 1728 2887 in
1780 2815 2154 2890 intellectu
2191 2821 2346 2909 tuo,
2388 2817 2568 2909 sola,
2610 2815 2814 2909 idest,

468 2935 623 3010 sine
669 2934 811 3010 alia
870 2934 1254 3010 affectione
1313 2934 1780 3031 impediente,
1832 2936 2005 3029 quia
2069 2934 2477 3010 intellectus
2534 2935 2815 3009 autoris

468 3061 628 3131 erat
676 3055 962 3150 penitus
1012 3055 1415 3151 depuratus
1481 3062 1556 3130 et
1614 3055 1829 3129 datus
1881 3055 2475 3150 contemplationi
2534 3055 2819 3131 divino·

469 3198 681 3270 rum3
732 3177 896 3252 ideo
970 3177 1185 3251 dicit:
1245 3197 1521 3269 sempre
1571 3179 1868 3250 accende
1916 3198 2150 3271 amor,
2206 3177 2411 3271 idest,
2463 3177 2538 3250 in
2606 3177 2820 3252 intel-

467 3297 658 3371 lectu
724 3302 878 3388 tuo,
940 3296 1109 3391 quia
1174 3296 1524 3371 continuo
1595 3315 1889 3391 semper
1957 3296 2353 3372 inardescis
2415 3297 2490 3369 in
2556 3316 2815 3370 amore

465 3421 762 3491 aeternae
822 3416 1182 3509 veritatis3
1249 3424 1325 3491 et
1381 3417 1515 3490 ista
1587 3416 1878 3491 videtur
1938 3417 2240 3491 intentio
2310 3415 2562 3510 literae,
2626 3415 2815 3490 sicut

467 3542 663 3631 patet
702 3557 792 3611 ex
832 3536 1076 3611 verbis
1115 3535 1697 3630 praecedentibus
1732 3543 1805 3610 et
1840 3537 2358 3631 sequentibus;
2400 3535 2599 3610 unde
2633 3535 2813 3609 sub-

457 3656 568 3730 dit
601 3657 799 3751 quod
850 3656 1023 3730 nihil
1073 3656 1262 3730 cadit
1312 3656 1386 3730 in
1438 3657 1885 3732 intellectum
1914 3648 2013 3752 (²),
2050 3657 2185 3731 nisi
2235 3658 2493 3732 saltem
2547 3656 2815 3730 habeat

463 3778 786 3853 colorem
840 3777 1017 3852 veri.
1072 3777 1258 3852 Dicit
1316 3797 1535 3873 ergo:
1600 3800 1638 3851 e
1694 3780 1751 3850 ε’
1779 3780 1971 3851 alera
2040 3798 2230 3869 cosa,
2282 3777 2489 3870 idest,
2551 3776 2610 3850 si
2668 3776 2809 3849 alia

462 3900 731 3975 veritas
782 3918 1163 3994 apparenS,
1207 3906 1445 3972 vostro
1495 3920 1705 3971 amor
1754 3902 2024 3990 seduee,
2061 3898 2268 3991 idest,
2307 3897 2527 3972 trahit
2569 3915 2701 3971 vos
2736 3896 2809 3969 in

461 4038 799 4095 amorem
845 4019 984 4112 sui,
1018 4040 1166 4093 non
1200 4015 1264 4111 ε’,
1303 4041 1378 4092 se
1415 4040 1557 4093 non
1594 4022 1804 4093 alcun
1845 4021 2157 4109 vestime,
2192 4017 2400 4110 idest,
2436 4014 2807 4110 quoddam

464 4136 754 4233 signum
818 4159 1201 4234 apparenS,
1272 4141 1349 4212 di
1414 4142 1667 4231 quella,
1728 4137 2022 4233 scilicet,
2092 4136 2276 4211 lucis
2344 4142 2419 4211 et
2485 4135 2814 4212 veritatis

464 4261 786 4351 aeternae,
846 4263 995 4333 mal
1052 4264 1471 4352 conosciuto,
1549 4259 1724 4355 quia
1791 4258 2367 4355 apprehenditur
2424 4264 2807 4352 tamquam

463 4375 766 4470 bonum,
820 4398 991 4452 cum
1044 4387 1290 4456 tamen
1339 4400 1486 4454 non
1528 4380 1619 4454 sit
1639 4404 1659 4475 3
1695 4379 1861 4454 ideo
1895 4378 2103 4453 dicit:
2146 4380 2268 4451 elne
2300 4380 2565 4452 traluee
2596 4380 2812 4471 quivi,

583 4637 642 4700 (⁸)
672 4643 719 4699 4,
753 4652 860 4703 qno
892 4639 1120 4703 copulet.
1589 4640 1646 4704 Ρ)
1678 4641 1741 4692 E.
1775 4641 1829 4692 in
1861 4641 2150 4694 intellectu.

720 4747 796 4792 lv.
2485 4749 2540 4791 20
