3734 5567
1332 494 1608 551 cmm-us
1658 497 2012 563 Qumws.
2710 488 2851 556 393

517 655 963 740 mentorum,
1016 644 1308 719 tandem
1359 662 1581 737 super
1615 642 1965 715 craticula
2006 647 2315 735 assatuS,
2349 663 2521 717 cum
2558 664 2853 719 summa

518 766 857 864 patientia
906 771 1154 861 grates
1202 762 1467 858 agebat
1517 761 1904 835 Altissimo.
1941 763 2028 835 Et
2076 762 2250 856 quia
2299 770 2516 837 autor
2568 771 2855 859 poterat

516 888 800 963 dicere:
857 888 995 960 hoc
1045 884 1213 960 fecit
1246 883 1358 956 vir
1391 889 1686 958 sanctus
1708 882 2021 977 juvante
2062 882 2336 957 virtute
2377 883 2652 978 divina3
2690 884 2852 960 ideo

517 1006 807 1082 adducit
854 1004 1049 1078 aliud
1101 1002 1523 1097 exemplum
1564 1001 1695 1074 viri
1740 1001 2028 1096 pagani,
2064 1001 2190 1095 qui
2232 1023 2376 1076 non
2413 1024 2544 1097 pro
2581 1011 2854 1079 aeterna

513 1125 751 1224 gloria
801 1126 927 1199 sed
977 1132 1271 1199 terrena
1323 1122 1513 1196 idem
1567 1121 1753 1195 fecit.
1807 1121 2008 1195 Sicut
2060 1120 2256 1194 enim
2317 1122 2564 1195 scribit
2613 1123 2858 1197 Livius

520 1247 708 1320 libro
756 1244 1117 1319 secundo:
1172 1246 1543 1317 Porsenna
1595 1263 1724 1316 rex
1779 1249 2036 1336 potens
2085 1248 2158 1316 et
2210 1242 2532 1317 famosus
2584 1244 2659 1317 in
2709 1244 2860 1317 Tu-

519 1365 668 1440 scia
719 1365 969 1438 volens
1021 1363 1378 1438 reducere
1429 1362 1882 1456 Tarquinum
1933 1363 2339 1455 superbum
2392 1363 2465 1435 in
2519 1384 2860 1459 regnum,

519 1485 777 1561 clausit
825 1485 1134 1558 Romam
1174 1490 1376 1557 arcta
1413 1482 1787 1557 obsidione
1823 1503 1956 1577 per
1991 1489 2265 1557 terram
2320 1489 2393 1558 et
2441 1503 2753 1577 aquam3
2788 1490 2867 1557 et

520 1626 693 1680 cum
745 1610 1073 1699 speraret
1124 1604 1197 1677 in
1248 1602 1453 1677 brevi
1505 1603 1838 1677 obtinere
1889 1603 2153 1677 urbem
2205 1623 2338 1697 per
2387 1603 2705 1698 inopiam
2755 1602 2864 1677 vi-

520 1725 896 1819 ctualium,
951 1724 1248 1819 quidam
1304 1722 1560 1797 nobilis
1600 1722 1897 1816 juvenis
1952 1742 2303 1796 romanus
2355 1722 2652 1797 nomine
2703 1724 2864 1796 Mu-

523 1845 689 1937 tius,
742 1845 1046 1918 moleste
1099 1844 1338 1917 ferens
1391 1843 1579 1915 hanc
1626 1840 2152 1937 indignitatem,
2194 1861 2365 1914 cum
2409 1842 2694 1916 licentia
2730 1840 2864 1915 Se-

375 1969 418 2072 ⁹,
527 1970 759 2058 natus,
780 1962 1199 2037 abscondito
1231 1962 1551 2054 cultellO,
1590 1961 1918 2034 transivit
1956 1961 2028 2034 in
2063 1966 2305 2035 castra
2332 1961 2427 2034 ad
2459 1961 2703 2035 locum
2740 1960 2866 2032 ubi

526 2105 651 2157 rex
693 2082 950 2157 sedens
985 2103 1119 2177 pro
1156 2081 1498 2155 tribunali
1532 2081 1751 2155 dabat
1786 2080 2138 2174 stipendia
2176 2079 2542 2173 militibuS,
2580 2087 2652 2154 et
2686 2100 2863 2154 can-

519 2203 857 2278 cellarius
906 2203 1165 2277 sedens
1205 2203 1423 2297 juxta
1471 2222 1647 2275 eum
1686 2200 1890 2295 quasi
1930 2200 2002 2273 in
2043 2200 2199 2295 pari
2241 2200 2493 2274 habitu
2534 2206 2857 2273 ornatus.

521 2322 784 2396 Mutius
834 2321 1097 2395 timens
1147 2320 1522 2414 inquirere
1586 2320 1750 2414 quis
1813 2319 2137 2394 duorum
2206 2327 2398 2395 esset
2469 2321 2861 2412 Porsenna,

523 2462 616 2515 ne
666 2440 1068 2535 ignorando
1124 2461 1375 2536 regem
1433 2439 1932 2514 manifestaret
1981 2461 2083 2533 se,
2120 2440 2336 2514 irruit
2371 2460 2520 2534 quo
2571 2438 2863 2512 fortuna

523 2560 743 2634 traxit
794 2580 993 2654 eum,
1029 2567 1103 2634 et
1143 2561 1399 2635 occidit
1448 2560 1765 2635 scribam
1820 2581 1955 2656 pro
2012 2581 2220 2657 rege3
2274 2569 2349 2635 et
2399 2561 2683 2656 fugiens
2735 2580 2866 2654 per

527 2679 819 2753 turbam
872 2680 1227 2774 territam,
1281 2681 1588 2756 faciebat
1639 2681 1772 2755 sibi
1828 2682 2021 2755 viam
2057 2702 2231 2756 cum
2274 2680 2515 2777 gladio
2566 2680 2866 2776 sangui-

525 2800 835 2873 nolento.
874 2798 1015 2872 Sed
1051 2799 1359 2874 finaliter
1401 2807 1892 2877 concurrente
1931 2800 2395 2875 multitudine
2432 2806 2689 2894 captus
2727 2799 2866 2872 du-

519 2927 681 2994 ctus
728 2927 901 2994 ante
950 2927 1422 3016 conspectum
1480 2922 1674 3018 regis
1738 2921 2140 3017 intrepidus
2198 2922 2378 2995 dixit
2442 2921 2669 2995 verba
2719 2922 2865 2993 alta

519 3041 883 3134 animose3
935 3042 1225 3135 scilicet,
1263 3042 1458 3137 quod
1514 3048 1675 3117 erat
1708 3042 1925 3117 Caius
1963 3042 2234 3116 Mutius
2268 3043 2447 3116 civis
2490 3063 2863 3134 romanus,

523 3160 652 3254 qui
701 3161 924 3235 hostis
973 3169 1277 3236 venerat
1326 3163 1662 3237 occidere
1722 3163 2007 3237 hostem
2071 3169 2371 3257 paratus
2435 3163 2586 3257 ipse
2652 3162 2865 3254 mori,

523 3279 693 3372 quia
747 3280 1121 3374 proprium
1175 3286 1367 3355 esset
1433 3301 1913 3355 romanorum
1984 3282 2227 3357 facere
2291 3289 2363 3357 et
2414 3282 2559 3377 pati
2630 3281 2870 3372 fortia,

523 3404 599 3472 et
645 3399 841 3491 quod
894 3399 1101 3472 multi
1152 3400 1419 3474 similes
1471 3400 1807 3474 venirent
1857 3401 1949 3474 ad
2005 3402 2200 3476 hunc
2252 3403 2631 3476 honorem.
2685 3402 2865 3494 Rex,

523 3540 873 3594 accensus
910 3519 1015 3592 ira
1064 3528 1138 3593 et
1187 3520 1485 3594 territus
1527 3521 1876 3616 periculo,
1917 3522 2286 3597 mandavit
2323 3528 2402 3596 ut
2445 3527 2870 3618 portaretur

525 3643 708 3739 ignis
758 3642 849 3717 ad
903 3649 1376 3737 tormentum,
1429 3650 1509 3719 ut
1558 3644 1938 3742 detegeret
1988 3645 2298 3720 insidias,
2350 3646 2553 3719 Tunc
2603 3645 2873 3718 Mutius

524 3763 757 3837 factus
807 3762 1204 3838 animosior
1252 3764 1500 3840 diceus
1533 3786 1802 3860 corpus
1836 3785 1999 3839 esse
2035 3766 2177 3841 vile
2211 3767 2319 3840 his
2357 3767 2484 3860 qui
2522 3786 2867 3862 magnam

520 3882 833 3977 gloriam
885 3889 1165 3976 petunt,
1202 3884 1443 3958 iniecit
1487 3893 1742 3979 sponte
1798 3905 2102 3959 manum
2142 3886 2214 3959 in
2250 3887 2519 3976 focum,
2555 3892 2629 3960 et
2669 3885 2867 3958 illam

521 4002 966 4076 comburens
1002 4002 1385 4077 videbatur
1427 4004 1785 4079 alienatus
1836 4025 1881 4077 a
1934 4025 2175 4079 sensu.
2222 4007 2310 4079 Et
2350 4006 2696 4079 continuo
2738 4025 2871 4079 rex

525 4119 968 4214 stupefactus
1021 4121 1378 4196 miraculo
1438 4122 1811 4197 mandavit
1872 4131 1956 4197 ut
2009 4125 2305 4219 ,iuvenis
2359 4132 2875 4199 removeretur

524 4236 620 4309 ab
658 4237 845 4332 igne,
881 4242 1296 4317 crudeliora
1345 4242 1420 4315 in
1472 4263 1552 4317 se
1596 4263 1822 4336 quam
1859 4243 1933 4316 in
1972 4264 2146 4317 eum
2189 4265 2435 4318 ausus.
2475 4244 2680 4318 Tunc
2714 4247 2872 4318 Mu-

528 4355 671 4430 tius
718 4359 926 4449 quasi
980 4380 1465 4436 remunerans
1518 4363 1865 4436 meritum
1912 4365 2107 4460 regis
2140 4375 2397 4459 sponte
2438 4365 2637 4458 dixit,
2674 4366 2874 4459 quod

524 4475 828 4549 trecenti
881 4477 1237 4573 principes
1275 4501 1599 4555 romanae
1642 4481 2058 4576 juventutis
2091 4484 2661 4559 coniuraverant
2693 4504 2876 4558 con-

523 4598 637 4667 tra
687 4614 863 4668 eum
916 4596 991 4669 in
1042 4598 1255 4673 simili
1306 4601 1564 4674 forma.
1619 4600 1736 4675 Sic
1785 4602 2158 4679 Porsenna
2217 4604 2404 4680 sacta
2466 4623 2646 4697 pace
2693 4623 2869 4678 cum
