3734 5567
1167 497 1444 552 GAN‘rus
1495 500 1878 554 vro-Esmus
1927 501 2217 555 sEx‘rus.
2719 489 2852 556 121

515 640 814 715 orientis
863 641 1003 714 sub
1052 647 1220 715 ortu
1275 642 1482 736 solis;
1536 663 1580 714 o
1630 646 1879 734 etiopo,
1923 643 2125 738 idest,
2164 663 2390 739 quam
2428 642 2689 737 aliquis
2725 644 2859 715 ha-

515 762 779 836 bitator
828 760 1236 856 AEthiopiae‚
1288 781 1456 855 quae
1491 769 1602 836 est
1652 762 1725 835 in
1760 769 2101 838 extremo
2144 762 2471 838 meridiei
2506 770 2580 838 et
2614 761 2848 836 multo

509 882 809 957 calidior
860 902 1085 975 quam
1121 880 1354 976 India3
1390 884 1459 955 d’
1485 903 1713 973 acqua
1738 886 2020 978 [reddo.
2060 884 2260 960 Licet
2302 885 2496 959 enim
2540 884 2859 958 habeant

518 1022 788 1098 magna
839 1002 1165 1095 flumina,
1226 1023 1373 1077 non
1435 1012 1679 1078 tamen
1738 1025 2015 1098 aquam
2082 1005 2466 1101 frigidam:
2521 1008 2596 1079 et
2664 1004 2852 1078 bene

517 1122 709 1216 dicit,
761 1123 933 1217 quia
976 1124 1173 1198 nulla
1228 1123 1788 1219 intemperantia
1839 1126 2010 1199 solis
2052 1125 2150 1200 ita
2188 1126 2413 1201 afficit
2447 1126 2560 1200 siti
2601 1125 2858 1199 aethio-

518 1263 667 1338 pes,
699 1242 904 1316 sicut
954 1242 1090 1317 iste
1139 1262 1483 1317 excessus
1541 1244 1802 1318 caloris
1872 1245 2056 1340 ignis
2116 1246 2337 1320 istos:
2393 1244 2569 1318 nulli
2633 1244 2855 1318 etiam

515 1362 860 1456 aethiopes
913 1363 1011 1436 ita
1060 1362 1403 1436 affectant
1454 1363 1708 1439 bibere
1756 1385 2029 1458 aquam
2083 1364 2444 1461 frigidam,
2503 1364 2691 1437 sicut
2741 1362 2854 1436 isti

517 1481 808 1577 spiritus
859 1483 1045 1579 nigri
1096 1478 1533 1576 affectant(¹)
1600 1505 1797 1558 nunc
1862 1485 2123 1559 audire
2184 1484 2559 1559 hominem
2626 1503 2851 1577 quem

516 1603 855 1678 videbant
906 1603 1272 1679 viventem
1319 1604 1440 1698 ibi,
1484 1605 1680 1699 quod
1730 1626 2142 1700 numquam
2186 1605 2428 1679 fuerat
2462 1604 2701 1677 visum
2739 1603 2854 1675 vel

514 1724 843 1798 auditum
899 1724 990 1800 de
1038 1726 1202 1799 alio.
1233 1766 1333 1779 -
1358 1729 1607 1798 Dinne.
1645 1725 1775 1800 Hic
1808 1731 2024 1821 poeta
2061 1725 2262 1819 ponit
2301 1725 2688 1818 specialem
2726 1743 2856 1817 pe-

514 1843 840 1918 titionem
894 1843 1082 1917 illius
1131 1844 1446 1938 spiritus,
1475 1846 1628 1938 'qui
1688 1845 1860 1920 dicit
1925 1845 2097 1918 sibi:
2153 1847 2409 1935 Dinne,
2470 1843 2673 1936 idest,
2743 1841 2858 1915 dic

515 1966 722 2040 nobis
772 1984 986 2060 ergo:
1040 1967 1215 2038 com'
1240 1961 1283 2039 e*
1327 1967 1445 2037 che
1488 1968 1599 2058 sai
1646 1968 1720 2038 di
1768 1973 1831 2038 le
1871 1972 2119 2058 parete
2167 1969 2245 2038 al
2286 1968 2455 2057 sole,
2503 1962 2711 2059 quasi
2750 1961 2860 2035 di-

514 2091 666 2158 eat:
702 2083 1075 2178 quomodo
1130 2083 1301 2157 facis
1354 2084 1696 2163 umbram
1751 2106 1919 2179 quae
1969 2084 2269 2179 impedit
2319 2085 2547 2158 solem
2602 2081 2857 2157 venire

510 2205 609 2280 ad
661 2225 792 2278 nos
843 2210 1204 2299 quantum
1257 2211 1385 2278 tua
1438 2205 1702 2280 umbra
1754 2201 1984 2300 capit3
2036 2226 2229 2278 come
2258 2226 2333 2278 se
2372 2204 2443 2276 tu
2490 2225 2635 2277 non
2677 2204 2861 2296 sossi

521 2331 794 2397 encrate
844 2343 1117 2396 ancora
1174 2326 1421 2398 dentro
1480 2328 1676 2398 dalla
1739 2332 1883 2398 rete
1945 2329 2020 2399 di
2075 2334 2323 2416 morte,
2375 2324 2582 2419 quasi
2635 2323 2846 2414 dicat,

518 2446 721 2519 velut
771 2445 829 2518 si
882 2465 1025 2518 non
1064 2465 1258 2519 esses
1292 2445 1531 2520 adhuc
1570 2446 2052 2520 mortuus„Et
2086 2445 2377 2519 videtur
2412 2443 2857 2519 conveniens

525 2564 996 2657 metaphora:
1060 2586 1263 2639 mors
1313 2564 1506 2639 enim
1562 2565 1881 2660 piscatur
1941 2565 2014 2636 in
2080 2585 2350 2660 magno
2415 2565 2598 2638 mari
2653 2584 2854 2637 mor-

518 2682 799 2778 talium,
836 2690 910 2757 et
941 2683 1186 2759 omnia
1222 2704 1497 2781 genera
1531 2685 2013 2758 animantium
2050 2684 2260 2779 capit.
2291 2685 2377 2756 Et
2403 2683 2572 2757 dicit
2607 2687 2855 2776 poeta:

514 2796 574 2877 εὶ
603 2807 704 2877 mi
729 2808 1035 2896 parlava
1081 2825 1178 2876 un
1224 2807 1461 2896 d'essi,
1514 2805 1639 2897 qui
1693 2805 1934 2879 suerat
1984 2804 2097 2877 vir
2153 2802 2456 2878 affabilis
2508 2803 2581 2875 in
2632 2824 2855 2875 mun-

515 2924 656 2998 do:
709 2923 844 2998 iste
893 2922 1188 3017 quidem
1225 2924 1361 2996 fuit
1413 2924 1620 2998 miles
1659 2923 2122 2998 bononiensis
2161 2923 2254 2996 de
2304 2921 2706 2997 clarissima
2751 2922 2858 2994 fa-

517 3042 709 3117 milia
786 3043 1190 3139 principum
1265 3051 1568 3118 vocatus
1635 3043 1871 3118 Guido
1939 3042 2405 3117 GuinieelluS.
2477 3041 2855 3116 Guinicelli

518 3163 712 3236 enim
765 3163 1067 3240 suerunt
1118 3184 1351 3237 unum
1407 3162 1829 3237 membrum
1883 3162 1976 3237 de
2020 3161 2462 3256 principibus
2502 3160 2723 3255 pulsis
2765 3160 2859 3234 de

517 3282 837 3356 Bononia
890 3283 1240 3357 seditione
1289 3282 1504 3376 civili,
1554 3281 1725 3377 quia
1776 3282 2191 3375 imperiales
2225 3287 2456 3355 erant.
2497 3279 2664 3354 Fuit
2705 3281 2858 3373 ipse

516 3402 752 3477 Guido
803 3403 915 3475 vir
965 3403 1306 3497 prudenS‚
1369 3403 1744 3496 eloquens,
1797 3401 2177 3476 inveniens
2241 3401 2540 3497 egregie
2599 3402 2857 3496 pulcra

517 3521 706 3596 diota
776 3528 1147 3615 materna3
1226 3522 1413 3596 sicut
1478 3529 1731 3597 autem
1802 3529 1965 3595 erat
2038 3520 2356 3595 ardentis
2434 3520 2700 3616 ingenii
2780 3529 2854 3595 et

518 3641 810 3738 linguae,
863 3641 960 3715 ita
1008 3640 1329 3716 ardentis
1391 3641 1727 3733 luxuriae,
1790 3641 2044 3736 quales
2111 3641 2320 3714 multi
2382 3640 2857 3714 inveniuntur

517 3783 730 3857 saepe.
767 3763 827 3836 Ο
880 3768 1059 3856 quot
1107 3761 1243 3834 viri
1300 3761 1599 3836 virtuosi
1643 3767 1912 3835 caetera
1964 3761 2154 3836 bona
2204 3761 2343 3834 hac
2394 3760 2559 3834 labe
2609 3760 2855 3834 defor-

521 3886 939 3957 maverunt!
989 3882 1159 3956 Ideo
1211 3883 1399 3956 bene
1451 3881 1654 3979 fingit
1702 3888 1915 3977 poeta
1964 3880 2159 3975 quod
2203 3880 2356 3974 ipse
2391 3885 2648 3975 captus
2685 3900 2856 3976 per-

515 4002 853 4077 suasione
905 4003 1064 4076 eius
1105 4003 1345 4078 subito
1384 4002 1864 4098 respondisset
1901 4002 1957 4076 si
1996 4023 2142 4076 non
2178 4002 2684 4078 intervenisset
2718 4003 2860 4075 im-

519 4121 1042 4217 pedimentum.
1115 4122 1320 4196 Unde
1369 4122 1583 4196 dicit:
1639 4131 1705 4196 et
1748 4127 1818 4195 io
1884 4125 1981 4195 mi
2029 4126 2202 4216 sora
2249 4111 2373 4213 yid
2422 4124 2861 4216 manifestato

512 4243 568 4313 ε’
597 4244 668 4314 io
715 4263 864 4315 non
908 4245 1087 4337 sossi
1134 4249 1375 4333 atceso,
1430 4242 1632 4336 idest,
1686 4262 1828 4315 non
1884 4242 2180 4316 fuissem
2223 4241 2458 4315 factus
2508 4248 2851 4337 attentum,

516 4366 615 4437 ad
662 4366 853 4437 altra
900 4354 1137 4437 πουίιὰ
1186 4367 1307 4437 che
1350 4385 1577 4455 parve
1626 4367 1880 4437 allora.
1936 4363 2141 4439 Sicut
2176 4365 2372 4439 enim
2417 4362 2654 4439 Guido
2696 4372 2858 4438 erat

644 4625 697 4690 (¹)
731 4631 839 4683 11⁷,
871 4625 1193 4678 affectabant.
