3734 5567
1169 483 1448 539 currus
1497 481 1879 538 viesssmus
1928 481 2281 547 QUARTUS·
2803 472 2898 538 85

558 636 839 728 guntur
888 630 1109 728 geniti
1164 630 1237 703 in
1287 649 1482 719 aere,
1536 626 1609 699 in
1661 626 1881 720 nube,
1917 627 2509 700 adiudicandum
2562 628 2894 702 velocem

558 749 972 825 discursum
1019 770 1303 839 eorum,
1339 751 1415 821 et
1447 744 1730 820 facilem
1767 745 2340 840 dissolutionem,
2379 748 2551 841 quia
2587 747 2679 821 de
2712 748 2895 820 hora

558 869 633 943 in
686 870 946 943 horam
997 865 1558 960 disperduntur3
1611 864 1774 939 ideo
1823 885 2015 940 vane
2065 865 2446 958 inflantur;
2481 868 2601 939 che
2639 869 2895 956 sacelli,

558 988 761 1083 idest,
800 989 925 1082 qui
960 986 1215 1081 saturi,
1244 986 1403 1059 satii
1443 986 1613 1059 vino
1648 991 1721 1059 et
1755 986 1941 1078 cibo,
1977 987 2398 1060 combatcero
2434 993 2660 1080 TeseO,
2691 988 2898 1081 idest,

560 1107 1181 1203 impugnaverunt
1220 1099 1319 1198 (¹),
1382 1108 1493 1178 coi
1563 1106 1778 1197 doppi
1840 1109 2033 1197 pecti,
2096 1106 2296 1199 idest,
2357 1126 2529 1180 cum
2600 1113 2898 1200 pectore

562 1228 883 1300 hnmano
934 1232 1009 1300 et
1058 1226 1350 1320 equino.
1405 1226 1493 1298 Et
1542 1225 1657 1299 hic
1710 1235 1880 1302 nota
1931 1226 2128 1320 quod
2197 1226 2271 1299 in
2320 1227 2655 1301 convivio
2707 1228 2898 1301 Cen-

567 1351 950 1419 taurorum
1004 1366 1048 1418 a
1101 1345 1386 1418 Baccho
1431 1345 1897 1419 concurritur
1930 1345 2024 1421 ad
2059 1347 2387 1439 Martem,
2428 1353 2509 1420 ut
2547 1347 2896 1421 misceant

558 1464 816 1538 vinum
867 1485 1039 1538 cum
1094 1465 1472 1559 sanguine,
1528 1464 1725 1558 quod
1786 1465 2178 1539 noluerant
2228 1463 2607 1560 lymphare
2655 1486 2892 1560 aqua3

557 1582 720 1657 ideo
755 1583 944 1657 bene
980 1585 1172 1657 male
1206 1589 1495 1678 captam
1547 1602 1720 1657 cum
1771 1583 2127 1679 sanguine
2171 1590 2618 1657 revomuere
2667 1584 2898 1657 victo-

558 1702 766 1776 riam.
795 1708 985 1775 —E
1028 1704 1229 1793 degli.
1283 1702 1414 1775 Hic
1467 1702 1722 1775 ultimo
1773 1708 1985 1797 poeta
2020 1702 2335 1776 adducto
2369 1704 2705 1796 exemplo
2757 1703 2897 1776 im-

559 1821 933 1896 moderate
970 1821 1376 1915 potantium
1406 1821 1685 1915 vinum,
1715 1822 1838 1914 qui
1867 1827 2385 1917 pugnaverunt
2419 1842 2590 1895 cum
2629 1828 2893 1915 morte,

555 1940 848 2015 adducit
915 1942 1338 2035 exemplum
1399 1940 1884 2015 immoderate
1954 1940 2356 2014 bibentium
2417 1962 2713 2035 aquam,
2769 1942 2895 2036 qui

560 2059 869 2153 turpiter
920 2059 1194 2134 exclusi
1247 2065 1417 2133 sunt
1465 2080 1510 2132 a
1561 2079 1807 2155 pugna
1836 2050 1914 2150 (²)
1966 2065 2040 2132 et
2090 2059 2392 2132 victoria
2428 2060 2765 2155 gloriosa.
2810 2061 2897 2133 Et

556 2178 649 2251 ad
699 2178 1239 2273 intelligendam
1293 2179 1577 2252 literam
1633 2185 1743 2253 est
1793 2178 1999 2273 prius
2052 2180 2638 2274 memorandum,
2676 2179 2901 2273 quod,

557 2300 743 2374 sicut
791 2304 1027 2394 potest
1077 2299 1330 2373 baberi
1391 2319 1484 2373 ex
1544 2299 1730 2372 libro
1790 2298 2130 2373 Judicum
2193 2305 2265 2373 et
2329 2299 2641 2393 Josepho
2710 2300 2894 2373 libro

558 2420 1112 2513 Antiquitatum,
1149 2439 1320 2493 cum
1376 2419 1646 2494 hebraei
1683 2425 2137 2515 urgerentur
2171 2420 2365 2494 fame
2399 2426 2474 2494 et
2508 2421 2698 2494 bello
2735 2439 2895 2492 ma—

560 2538 1022 2633 dianitarum,
1058 2539 1183 2633 qui
1234 2539 1358 2613 diu
1410 2539 1596 2613 irato
1630 2539 1781 2613 Deo
1817 2545 2329 2633 oppresserant
2370 2560 2519 2632 eOS,
2562 2539 2896 2614 conversi

560 2658 653 2732 ad
703 2658 1092 2732 Dominum
1144 2679 1317 2732 cum
1377 2658 1715 2753 precibus
1778 2665 1853 2732 et
1916 2659 2259 2755 lacrymis
2324 2657 2892 2732 misericordiam

558 2778 992 2872 petiverunt.
1046 2779 1249 2852 Tunc
1311 2779 1618 2875 angelus
1669 2778 1956 2852 Domini
2005 2778 2344 2872 apparuit
2405 2774 2723 2849 Gedeoni
2767 2775 2895 2869 Ju-

557 2899 722 2973 veni
775 2899 1128 2971 mandans
1179 2905 1262 2972 ut
1312 2899 1653 2973 liberaret
1707 2897 1887 2970 filios
1937 2895 2182 2968 lsrael.
2238 2894 2325 2965 Et
2375 2913 2548 2967 cum
2599 2893 2896 2968 Gedeon

556 2998 1070 3115 congregasset
1116 3019 1408 3115 triginta
1449 3018 1668 3092 millia
1699 3015 2146 3111 judaeorum,
2184 3033 2352 3108 quae
2392 3014 2610 3088 turba
2661 3034 2894 3109 pauca

559 3139 940 3213 videbatur
981 3144 1315 3233 respectu
1351 3136 1942 3226 madianitarum,
1978 3134 2107 3228 qui
2159 3142 2542 3228 tamquam
2596 3136 2895 3209 locustae

557 3263 1092 3351 cooperuerant
1142 3263 1440 3348 terram,
1476 3252 1830 3327 Dominus
1881 3254 2253 3327 mandavit
2287 3253 2607 3328 Gedeoni
2649 3260 2730 3327 ut
2774 3274 2898 3329 re-

558 3377 876 3449 mitteret
912 3376 1197 3449 timidos
1227 3366 1328 3467 (³),
1362 3381 1436 3448 et
1473 3374 1745 3449 reversi
1782 3382 1954 3448 sunt
1990 3374 2242 3470 viginti
2281 3373 2498 3447 millia
2534 3373 2891 3448 virorum.

557 3496 830 3570 Iterum
881 3495 1234 3568 Dominus
1286 3494 1535 3568 volens
1586 3494 1719 3568 sibi
1774 3494 2155 3568 victoriam
2215 3515 2362 3567 non
2431 3492 2710 3567 viribus
2762 3494 2896 3568 ho-

560 3615 840 3688 minum
893 3614 1260 3709 imputari,
1312 3613 1683 3687 mandavit
1741 3613 2064 3688 Gedeoni
2114 3619 2198 3686 ut
2247 3613 2554 3688 duceret
2612 3635 2740 3689 eos
2802 3613 2896 3688 ad

555 3757 826 3830 aquam
870 3736 945 3808 in
985 3734 1225 3810 medio
1259 3734 1524 3808 ardore
1558 3734 1773 3827 solis3
1811 3739 1887 3807 et
1921 3732 2046 3827 qui
2082 3732 2414 3807 biberent
2456 3754 2629 3807 cum
2670 3755 2892 3808 manu

554 3853 859 3929 duceret
889 3842 962 3946 (⁴)
1013 3874 1306 3947 secum3
1360 3853 1484 3945 qui
1537 3862 1789 3927 autem
1850 3852 2160 3949 genibus
2220 3852 2423 3925 flexis
2485 3853 2897 3927 lamberent

558 3994 770 4048 more
819 3994 1112 4066 canum,
1168 3974 1571 4047 remitteret
1604 3973 1936 4047 domum.
1972 3972 2134 4059 Quo
2171 3972 2382 4065 facto,
2412 3972 2680 4046 inventi
2724 3982 2898 4047 sunt

561 4092 861 4167 trecenti
933 4099 1212 4169 tantum
1285 4113 1513 4166 manu
1580 4092 1934 4185 bibentes,
2004 4111 2178 4167 cum
2256 4091 2521 4185 quibus
2595 4092 2894 4169 Gedeon

560 4212 913 4285 transiens
945 4211 1338 4286 Jordanem
1374 4211 1610 4306 prima
1646 4211 1886 4307 vigilia
1925 4211 2154 4286 noctis
2185 4211 2446 4285 invasit
2480 4213 2890 4287 exercitum

556 4329 1018 4405 inimicorum
1071 4331 1371 4429 singulis
1423 4331 1879 4425 portantibus
1932 4332 2252 4428 singulas
2305 4332 2539 4425 tubaS,
2594 4320 2892 4430 lagenas

560 4468 2891 4479 -——————-———————————-————————————-—————————-

678 4516 731 4575 (¹)
763 4515 824 4564 E.
859 4522 1235 4578 pugnaverunt.
1408 4512 1464 4576 (¹)
1497 4515 1556 4564 Β.
1589 4528 1761 4578 pugna
1793 4529 1916 4565 cum
1949 4516 2180 4567 victoria.
2357 4514 2411 4577 (⁸)
2445 4518 2553 4575 117,
2588 4516 2892 4569 timidiores.

678 4591 732 4653 (⁸)
765 4592 825 4642 E.
860 4592 1074 4643 duceret
1105 4593 1222 4643 mos
1252 4605 1445 4644 mcum.
1465 4618 1526 4630 —
1548 4595 1654 4652 11⁷,
1688 4592 1970 4642 adduceret
2002 4606 2196 4643 secum.
