3734 5567
907 482 1049 550 306
1688 491 2097 546 comum
2146 491 2477 544 muumsl

898 638 1087 712 duce
1127 654 1296 731 quae
1327 634 1420 709 de
1460 634 1709 727 asello,
1745 634 1881 708 nisi
1915 634 2284 730 scriptoris
2318 633 2759 709 beneficium
2796 634 3246 711 subveniret.

903 757 1213 832 Scientia
1247 775 1428 851 ergo
1467 755 1790 828 multum
1824 755 2162 830 honestat
2197 754 2675 849 nobilitatem,
2712 761 2788 830 et
2827 755 3019 830 hene
3057 762 3251 830 stant

901 878 1136 952 simul.
1182 875 1386 951 Unde
1436 871 1735 950 scientia
1770 875 2159 950 literarum
2216 880 2289 949 et
2332 895 2718 949 armorum
2763 874 3016 950 militia
3052 896 3252 951 sem-

903 1017 1035 1094 per
1067 997 1384 1071 inventae
1416 999 1589 1068 sunt
1620 994 1816 1090 apud
1842 1015 2127 1090 graecos
2163 1001 2237 1070 et
2271 995 2567 1069 latinos:
2596 994 2758 1070 ideo
2798 995 2989 1070 hene
3013 995 3250 1091 Scipio

905 1118 1283 1192 Africanus
1323 1113 1770 1189 clarissimus
1808 1114 2319 1209 cupidissimus
2345 1114 2600 1211 gloriae
2634 1121 2886 1210 poetas
2914 1115 3029 1189 sui
3061 1122 3252 1190 tem-

903 1237 1100 1333 poris
1150 1235 1474 1310 maxime
1524 1234 1750 1309 coluit
1799 1242 1876 1310 et
1923 1235 2194 1329 dilexit,
2239 1242 2312 1310 et
2362 1241 2536 1310 ante
2586 1236 2765 1310 alios
2817 1236 3075 1310 hahuit
3124 1257 3254 1311 ca-

907 1378 1078 1431 rum
1128 1356 1445 1429 Ennium
1502 1361 1823 1450 poetam,
1879 1375 2108 1450 quem
2160 1375 2453 1450 semper
2512 1355 2769 1430 hahuit
2828 1356 3113 1430 socium
3178 1356 3254 1430 in

906 1475 1247 1552 omnibus
1297 1475 1525 1569 bellis,
1578 1480 1651 1549 et
1704 1481 1967 1550 testem
2019 1496 2327 1550 suarum
2379 1496 2636 1550 rerum
2698 1496 2992 1572 semper
3042 1475 3255 1550 lateri

906 1618 1044 1673 suo
1094 1599 1534 1690 haerentem3
1586 1603 1661 1670 et
1710 1595 2018 1670 demum
2068 1595 2187 1670 die
2238 1595 2588 1690 triumphi
2638 1595 2903 1690 duplici
2946 1594 3257 1669 Cartha-

901 1719 1072 1815 gine
1121 1718 1313 1793 victa
1362 1716 1762 1791 ascendens
1796 1716 2230 1811 Capitolium
2265 1716 2500 1790 victor
2541 1716 2921 1791 laureatus
2956 1717 3254 1792 laurea-

903 1844 1064 1912 tum
1120 1837 1327 1910 illum
1379 1856 1632 1911 secum
1686 1837 1957 1910 retulit.
2012 1837 2318 1930 Insuper
2359 1842 2434 1909 et
2477 1835 2666 1909 illius
2702 1834 2892 1909 senis
2928 1835 3252 1932 effigiem

902 1957 1130 2052 sculpi
1181 1955 1351 2030 fecit
1397 1952 1472 2028 in
1523 1955 1860 2050 sepulcro
1897 1954 2317 2050 Scipionum
2345 1955 2563 2050 juxta
2598 1954 2995 2051 imaginem
3037 1976 3249 2030 suam

909 2083 985 2152 et
1016 2076 1299 2151 fratris:
1352 2074 1465 2150 vir
1512 2079 1716 2149 certe
1765 2074 2051 2170 dignior
2093 2074 2415 2149 Homero
2458 2081 2534 2149 et
2572 2074 2872 2170 Virgilio
2914 2094 3254 2169 praecone

915 2218 1143 2290 quam
1202 2194 1475 2288 Enni03
1536 2194 1911 2288 quoniam,
1964 2200 2049 2267 ut
2104 2195 2207 2269 ait
2273 2194 2593 2289 Ovidius,
2645 2198 2912 2268 Ennius
2978 2199 3257 2287 inqenio

917 2319 1295 2409 mamimus,
1352 2322 1509 2390 arte
1555 2318 1776 2388 rudis.
1839 2316 1947 2389 De
2008 2315 2219 2389 cuius
2277 2314 2483 2389 dictis
2548 2335 2856 2410 carpens
2915 2316 3256 2412 Virgilius

917 2437 1153 2510 fertur
1200 2435 1505 2511 dixisse:
1570 2438 1724 2525 leyo
1774 2454 2031 2507 amm
2093 2437 2169 2507 in
2231 2441 2538 2510 stercore
2598 2438 2825 2508 Ennii.
2877 2434 3021 2510 Sed
3080 2456 3259 2511 ecce

911 2555 1136 2629 coluit
1187 2576 1374 2650 quos
1424 2553 1693 2650 potuit3
1746 2553 1875 2629 sed
1924 2553 2055 2629 Dei
2104 2553 2341 2650 gratia
2380 2554 2741 2649 principes
2785 2554 3014 2631 nostri
3068 2562 3259 2630 tem-

907 2675 1105 2771 poris
1155 2676 1247 2751 de
1296 2677 1436 2751 hoc
1470 2696 1732 2772 parum
1775 2681 2062 2750 curant.
2114 2675 2490 2771 Augustus
2526 2695 2731 2770 vero,
2774 2697 2926 2770 quo
2959 2677 3068 2751 sol
3105 2678 3259 2752 cla-

910 2795 1186 2871 riorem
1237 2816 1386 2871 non
1436 2795 1611 2870 vidit
1664 2796 1734 2868 in
1788 2792 1993 2888 orbe,
2045 2799 2120 2868 et
2170 2794 2323 2889 ipse
2374 2815 2689 2891 magnus
2741 2801 2957 2889 poeta
3008 2804 3261 2891 poetas

912 2933 1208 2990 summe
1255 2913 1536 2990 amavit
1584 2923 1661 2990 et
1710 2913 2137 3006 honoravit3
2180 2912 2345 2988 ideo
2398 2920 2573 2988 tunc
2625 2914 2837 2987 multi
2889 2921 2963 2989 et
3014 2916 3263 3013 magni

915 3041 1149 3130 poetae
1185 3035 1637 3128 claruerunt,
1675 3032 1860 3106 sicut
1894 3032 2237 3129 Virgilius
2271 3034 2495 3127 Maro,
2530 3034 2818 3107 Marcus
2857 3033 3077 3129 Varo,
3111 3034 3263 3109 Ho-

915 3155 1144 3229 ratius
1191 3153 1514 3247 Flaccus,
1550 3152 1848 3226 Ovidius
1883 3153 2098 3246 Naso,
2136 3152 2526 3239 Quintilius
2564 3151 2827 3248 Varus,
2882 3153 3265 3229 Cornelius

915 3274 1185 3368 Gallus,
1237 3272 1525 3347 Asinius
1575 3272 1826 3367 Pollio,
1879 3278 1955 3347 et
2014 3271 2134 3346 alii
2198 3272 2518 3367 plurimi.
2571 3273 2768 3369 Ergo
2818 3273 3261 3348 nobilissima

917 3394 1215 3469 scientia
1282 3392 1900 3467 nobilissimorum
1968 3392 2378 3488 principum
2453 3393 2905 3488 temporibus
2978 3394 3111 3468 fuit
3188 3394 3265 3468 in

917 3516 1172 3611 pretio.
1235 3514 1527 3589 Poetria
1587 3513 1811 3610 igitur
1864 3535 2055 3609 quae,
2118 3520 2302 3588 teste
2373 3514 2822 3610 philosopho,
2881 3514 2977 3589 ab
3037 3514 3263 3589 animi

919 3635 1291 3711 nobilitate
1339 3635 1687 3730 manavit,
1741 3635 1973 3731 viguit
2016 3634 2257 3729 primo
2306 3634 2382 3709 in
2432 3634 2712 3710 Graecia
2767 3635 3103 3710 omnium
3153 3635 3265 3710 di·-

918 3756 1384 3851 sciplinarum
1421 3756 1620 3829 sonte
1651 3761 1825 3829 ante
1858 3754 2384 3850 philosophiam
2414 3761 2487 3829 et
2519 3774 2817 3829 omnem
2848 3754 3264 3829 scientiam:

917 3875 1117 3972 prior
1166 3874 1362 3951 enim
1414 3873 1551 3948 fuit
1614 3874 1982 3949 Homerus
2042 3881 2117 3948 et
2181 3873 2624 3968 Pronapides
2679 3873 3028 3970 magister
3079 3873 3265 3967 eiuS,

916 3997 1271 4072 Pindarus
1332 4005 1408 4072 et
1473 3993 1891 4090 SophocleS,
1944 4014 2169 4089 quam
2219 3992 2664 4088 AristoteleS,
2715 3994 2945 4088 Plato,
2997 3995 3269 4090 Pytha-

915 4137 1160 4214 goraS,
1194 4117 1669 4212 Anaxagoras
1719 4122 1793 4189 et
1842 4113 1966 4188 alii
2000 4115 2436 4209 philosophi:
2474 4112 2515 4156 *
2539 4114 2867 4188 similiter
2909 4113 3105 4210 apud
3141 4134 3269 4188 ro-

917 4257 1175 4311 manos
1225 4236 1350 4309 diu
1403 4235 1705 4309 suerunt
1756 4234 1829 4307 in
1883 4235 2166 4308 honore
2216 4240 2453 4330 poetae
2497 4235 2701 4329 prius
2753 4256 2980 4329 quam
3033 4234 3269 4330 philo-

921 4354 1121 4449 sophi
1150 4348 1317 4447 *(¹),
1370 4359 1454 4427 ut
1519 4352 1778 4428 asserit
1840 4352 2143 4449 Tullius,
2203 4353 2445 4450 primo
2509 4356 3135 4449 Tusculanarum3
3195 4359 3271 4431 et

1044 4614 1099 4677 (¹)
1130 4615 1202 4665 Le
1235 4611 1413 4678 parole
1445 4612 1527 4663 sta
1561 4613 1577 4662 i
1609 4612 1711 4663 due
1743 4615 2009 4665 asterischl
2041 4628 2135 4666 son
2167 4615 2393 4679 supplito
2423 4615 2505 4666 dai
2534 4614 2708 4666 Codici
2741 4620 2771 4666 4
2801 4628 2833 4665 e
2866 4615 3095 4667 Eume.
