3734 5567
1166 477 1442 533 cmrns
1492 480 1876 535 mensurus
1924 479 2314 535 SECUNDUS.
2809 463 2902 537 ’39

563 619 739 694 vidit
790 627 1124 696 extrema
1184 622 1516 696 omnium
1585 623 2068 719 tristitiarum,
2130 625 2422 720 scilicet,
2492 626 2897 701 caecitatem

562 745 1036 835 spontaneam
1090 741 1337 837 patris,
1388 749 1707 817 mortem
1763 743 2255 817 voluntariam
2313 745 2565 818 matris
2593 737 2695 838 (⁴),
2733 766 2904 819 mu-

564 866 768 934 tuam
828 869 1146 936 mortem
1197 862 1537 956 fratrum,
1570 860 2004 937 servitutem
2049 863 2325 958 patriae,
2364 873 2439 940 et
2481 870 2584 938 tot
2639 885 2900 961 regum

563 981 936 1056 interitum
991 1003 1162 1056 cum
1234 983 1384 1057 suis
1453 982 1915 1058 exercitibus,
1945 1025 2044 1037 —
2085 988 2337 1057 Vedesi.
2389 985 2519 1058 Hic
2560 985 2900 1083 Virgilius
3029 973 3032 978 ¹

565 1102 889 1176 nominat
914 1102 1132 1177 aliam
1161 1104 1647 1200 Hypsypilem,
1677 1124 1843 1198 quae
1881 1104 2014 1176 fuit
2044 1125 2394 1201 magnum
2423 1105 2802 1200 speculum
2825 1098 2901 1198 (²)

563 1222 897 1318 fortunae,
949 1224 1042 1299 de
1093 1245 1241 1318 qua
1290 1224 1568 1299 dictum
1620 1230 1728 1299 est
1781 1224 2047 1298 Inferni
2102 1226 2417 1320 capitulo
2470 1226 2706 1299 XVIII.
2758 1227 2898 1300 Ista

560 1344 756 1418 enim
808 1344 1108 1439 decepta
1159 1364 1202 1417 a
1256 1345 1520 1418 Jasone
1558 1344 1851 1419 recessit
1885 1344 1979 1418 ab
2016 1345 2249 1419 insula
2293 1346 2568 1420 Lemno
2593 1337 2693 1438 (³),
2732 1365 2901 1441 quae

560 1471 809 1560 postea
859 1464 1120 1562 graecis
1169 1464 1628 1539 venientibus
1677 1463 1752 1536 in
1812 1463 2261 1537 obsidionem
2329 1465 2773 1560 Thebarum,
2826 1472 2901 1539 et

559 1585 1058 1659 laborantibus
1108 1586 1246 1679 siti,
1282 1584 1717 1658 monstravit
1751 1584 2027 1659 fontem
2066 1585 2194 1678 qui
2234 1586 2434 1658 solus
2478 1606 2625 1659 non
2675 1606 2900 1660 arue-

560 1713 672 1780 rat
721 1706 1064 1781 siccitate.
1117 1706 1299 1781 Dicit
1350 1726 1567 1802 ergo:
1621 1708 1880 1795 Vedesi,
1915 1705 2105 1779 inter
2138 1704 2317 1779 alias
2350 1705 2699 1780 mulieres
2732 1706 2900 1781 illu-

556 1833 764 1919 streS,
799 1830 1054 1917 quella,
1088 1826 1380 1920 scilicet,
1407 1825 1873 1921 Hypsypilem
1910 1823 2129 1898 filiam
2158 1824 2500 1898 Thoantis
2536 1825 2751 1921 regiS,
2778 1828 2898 1898 che

558 1938 819 2019 mostro
869 1950 1172 2039 Lanyia,
1224 1946 1498 2021 fontem
1554 1944 2004 2018 thebanum:
2056 1943 2149 2017 de
2197 1945 2338 2017 hoc
2386 1943 2624 2018 dicam
2686 1947 2900 2040 plene

556 2067 743 2141 infra
804 2068 1121 2163 capitulo
1172 2067 1423 2161 XXVI,
1485 2065 1648 2140 ideo
1708 2066 1824 2138 hic
1886 2070 2336 2159 pertranseO,
2390 2064 2563 2158 quia
2627 2065 2724 2139 ibi
2790 2073 2901 2141 est

557 2187 850 2282 propria
903 2187 1250 2281 materia3
1286 2191 1359 2261 et
1394 2186 1596 2260 dicit:
1631 2187 1787 2257 evvi
1824 2187 1899 2256 la
1924 2186 2126 2276 fiqlia
2158 2187 2233 2258 di
2274 2187 2567 2276 Tiresia,
2603 2185 2898 2279 scilicet,

557 2308 872 2399 ManthO,
923 2306 1016 2381 de
1066 2328 1213 2401 qua
1263 2307 1479 2402 plene
1514 2304 1787 2379 dictum
1830 2310 1943 2378 est
1975 2304 2242 2378 Inferni
2276 2304 2594 2398 capitulo
2628 2305 2786 2399 XX,
2822 2312 2896 2380 et

558 2426 673 2501 hic
725 2426 1012 2501 videtur
1062 2432 1280 2500 autor
1330 2423 1831 2500 contradicere
1864 2423 2021 2517 sibi,
2065 2424 2190 2517 qui
2241 2424 2482 2518 posuit
2531 2423 2743 2498 istam
2795 2424 2892 2499 ibi

555 2546 744 2621 inter
791 2546 1256 2639 divinatoreS,
1309 2566 1505 2619 nunc
1555 2545 1754 2640 ponit
1805 2565 1974 2618 eam
2011 2543 2201 2618 inter
2234 2544 2517 2618 animas
2560 2546 2892 2640 piorum3

554 2672 788 2761 potest
834 2665 975 2739 dici
1015 2664 1337 2739 breviter
1374 2664 1571 2759 quod
1607 2664 1721 2739 bic
1759 2684 1904 2737 non
1943 2663 2231 2757 respicit
2268 2662 2361 2736 ad
2395 2663 2727 2757 limbum,
2764 2665 2891 2738 sed

550 2785 642 2859 ad
708 2805 1084 2860 carcerem
1154 2805 1482 2859 caecum:
1549 2806 1588 2856 e
1663 2788 1836 2875 Teti,
1900 2803 2067 2877 quae
2132 2782 2264 2855 fuit
2333 2790 2572 2857 mater
2641 2784 2890 2879 magni

554 2905 861 2999 Achillis,
911 2905 1005 2980 de
1054 2927 1202 3000 qua
1252 2905 1467 2978 nimis
1509 2905 1788 2979 dictum
1823 2911 1934 2979 est
1966 2904 2063 2977 IX
2100 2904 2420 3000 capitulo
2454 2904 2672 2977 huius
2708 2905 2895 2977 Pur-

552 3024 838 3121 gatorii,
888 3046 927 3096 e
988 3046 1120 3097 con
1182 3028 1243 3097 le
1302 3046 1512 3098 sucre
1570 3046 1692 3097 sue
1739 3027 2114 3098 Deidamia
2181 3043 2375 3096 uxor
2441 3023 2751 3117 Achillis,
2805 3024 2897 3098 de

556 3165 700 3239 qua
751 3151 826 3219 et
878 3144 1038 3220 eius
1081 3146 1457 3220 sororibus
1491 3144 1716 3220 habes
1750 3144 1964 3240 plene
1998 3144 2301 3241 praefato
2345 3144 2696 3239 capitulo;
2734 3145 2894 3220 ideo

556 3264 725 3338 nihil
777 3266 894 3340 hic
925 3254 1025 3358 (⁴).
2325 3344 2338 3351 ‚

711 3388 1106 3459 Tacevansi.
1159 3385 1302 3458 Ista
1361 3392 1473 3460 est
1531 3390 1796 3479 quarta
1859 3390 1935 3459 et
2006 3385 2260 3459 ultima
2312 3407 2482 3481 pars
2531 3387 2895 3482 generalis

552 3505 758 3580 istius
792 3505 1047 3580 nobilis
1081 3505 1398 3600 capituli,
1437 3524 1580 3577 non
1627 3487 1868 3577 minus
1902 3504 2192 3578 curiosa
2228 3510 2301 3579 et
2341 3505 2632 3600 copiosa
2667 3527 2888 3600 quam

552 3626 737 3720 aliae,
771 3625 847 3699 in
879 3647 1026 3721 qua
1078 3632 1291 3721 poeta
1322 3616 1396 3717 (⁵)
1440 3624 1666 3699 tendit
1717 3624 1810 3697 ad
1860 3630 2153 3698 sextum
2208 3624 2592 3719 circulum,
2629 3625 2703 3699 in
2744 3647 2892 3720 quo

553 3747 855 3844 punitur
904 3748 1126 3844 gula3
1177 3751 1252 3821 et
1302 3745 1543 3841 primo
1591 3744 2024 3825 continuans
2083 3752 2368 3840 partem
2419 3746 2628 3841 parti,
2679 3746 2890 3821 dicit:

563 3869 943 3941 Tacevansi
986 3856 1107 3957 yid
1146 3866 1454 3939 ambidui
1503 3868 1553 3938 li
1592 3867 1802 3956 poeti,
1855 3864 2061 3958 idest,
2087 3865 2244 3960 jam
2298 3865 2622 3940 fecerant
2672 3864 2893 3939 finem

553 3986 772 4061 nobili
836 3986 1181 4080 sermoni,
1234 3987 1308 4059 in
1372 4006 1521 4081 quo
1585 3991 1693 4059 tot
1753 3984 2007 4079 pulcra
2066 3990 2141 4059 et
2187 3984 2511 4081 jocunda
2582 3984 2891 4060 invicem

552 4111 1153 4199 retractaverant,
1201 4109 1276 4180 di
1308 4127 1537 4180 nuovo
1571 4108 1808 4178 attenti
1839 4123 1889 4175 a
1920 4106 2314 4195 riquardar
2353 4107 2664 4198 income,
2699 4105 2893 4180 circa

552 4248 818 4302 novam
870 4226 1282 4318 materiam,
1338 4233 1593 4320 poetae,
1645 4224 1830 4317 dico,
1885 4226 2083 4298 liberi
2132 4229 2258 4299 dal
2299 4230 2478 4300 satir
2519 4252 2558 4301 e
2597 4230 2723 4301 dai
2753 4249 2894 4320 pa-

673 4456 730 4518 (¹)
763 4456 824 4506 Β.
857 4457 1037 4506 matris
1067 4469 1192 4515 suo,
1225 4459 1478 4506 mutuam.
1885 4451 1944 4515 (Ἰ
1979 4457 2088 4515 117,
2121 4455 2493 4518 spectaculum.

674 4532 728 4596 (⁸)
761 4533 822 4583 B.
854 4534 1096 4584 lambos.
1838 4527 1865 4548 ”
1889 4532 1944 4593 (⁸)
1975 4532 2037 4583 Β.
2069 4532 2155 4583 hle
2184 4532 2250 4583 de
2280 4532 2401 4597 ipsis
2430 4531 2651 4583 dicetur.

675 4608 730 4671 (Ἰ
762 4609 809 4659 B
856 4614 975 4672 poet
1074 4614 1216 4661 oster
1249 4615 1268 4660 t
1337 4609 1428 4660 dn.
