<?xml version="1.0" encoding="UTF-8"?>
<!DOCTYPE html PUBLIC "-//W3C//DTD XHTML 1.0 Transitional//EN"
    "http://www.w3.org/TR/xhtml1/DTD/xhtml1-transitional.dtd">
<html xmlns="http://www.w3.org/1999/xhtml" xml:lang="en" lang="en">
 <head>
  <title>
</title>
<meta http-equiv="Content-Type" content="text/html;charset=utf-8" />
  <meta name='ocr-system' content='tesseract 3.04.00' />
  <meta name='ocr-capabilities' content='ocr_page ocr_carea ocr_par ocr_line ocrx_word'/>
</head>
<body>
  <div class='ocr_page' id='page_1' title='image "benevenutideram02lacagoog_0423.png"; bbox 0 0 3734 5567; ppageno 0'>
   <div class='ocr_carea' id='block_1_1' title="bbox 1302 493 2798 563">
    <p class='ocr_par' dir='ltr' id='par_1_1' title="bbox 1302 493 2798 563">
     <span class='ocr_line' id='line_1_1' title="bbox 1302 493 2798 563; baseline 0.007 -15"><span class='ocrx_word' id='word_1_1' title='bbox 1302 494 1580 550; x_wconf 72' lang='lat' dir='ltr'>cm&#39;rus</span> <span class='ocrx_word' id='word_1_2' title='bbox 1629 498 1960 563; x_wconf 76' lang='lat' dir='ltr'>QUINTUS·</span> <span class='ocrx_word' id='word_1_3' title='bbox 2656 493 2798 559; x_wconf 78' lang='lat'>413</span> 
     </span>
    </p>
   </div>
   <div class='ocr_carea' id='block_1_2' title="bbox 422 642 2800 4475">
    <p class='ocr_par' dir='ltr' id='par_1_2' title="bbox 422 642 2800 4475">
     <span class='ocr_line' id='line_1_2' title="bbox 451 642 2796 744; baseline 0.002 -26"><span class='ocrx_word' id='word_1_4' title='bbox 451 649 729 739; x_wconf 92' lang='lat' dir='ltr'>quanto</span> <span class='ocrx_word' id='word_1_5' title='bbox 782 642 1019 716; x_wconf 91' lang='lat' dir='ltr'>maior</span> <span class='ocrx_word' id='word_1_6' title='bbox 1070 647 1180 717; x_wconf 90' lang='lat' dir='ltr'>est</span> <span class='ocrx_word' id='word_1_7' title='bbox 1230 661 1587 716; x_wconf 90' lang='lat' dir='ltr'>numerus</span> <span class='ocrx_word' id='word_1_8' title='bbox 1611 661 2141 737; x_wconf 87' lang='lat' dir='ltr'>.possessorum</span> <span class='ocrx_word' id='word_1_9' title='bbox 2180 650 2478 730; x_wconf 83' lang='lat' dir='ltr'>aeternae</span> <span class='ocrx_word' id='word_1_10' title='bbox 2519 647 2796 744; x_wconf 86' lang='lat' dir='ltr'>gloriae,</span> 
     </span>
     <span class='ocr_line' id='line_1_3' title="bbox 451 760 2798 863; baseline 0.002 -23"><span class='ocrx_word' id='word_1_11' title='bbox 451 771 653 841; x_wconf 88' lang='lat' dir='ltr'>tanto</span> <span class='ocrx_word' id='word_1_12' title='bbox 687 767 850 862; x_wconf 93' lang='lat' dir='ltr'>plus</span> <span class='ocrx_word' id='word_1_13' title='bbox 885 769 996 840; x_wconf 90' lang='lat' dir='ltr'>est</span> <span class='ocrx_word' id='word_1_14' title='bbox 1028 764 1127 838; x_wconf 88' lang='lat' dir='ltr'>ibi</span> <span class='ocrx_word' id='word_1_15' title='bbox 1161 763 1480 839; x_wconf 86' lang='lat' dir='ltr'>caritatis</span> <span class='ocrx_word' id='word_1_16' title='bbox 1514 771 1588 838; x_wconf 91' lang='lat' dir='ltr'>et</span> <span class='ocrx_word' id='word_1_17' title='bbox 1620 764 1931 859; x_wconf 83' lang='lat' dir='ltr'>amoris3</span> <span class='ocrx_word' id='word_1_18' title='bbox 1968 765 2085 840; x_wconf 85' lang='lat' dir='ltr'>vel</span> <span class='ocrx_word' id='word_1_19' title='bbox 2120 767 2260 839; x_wconf 88' lang='lat' dir='ltr'>hoc</span> <span class='ocrx_word' id='word_1_20' title='bbox 2292 766 2463 844; x_wconf 86' lang='lat' dir='ltr'>dicit</span> <span class='ocrx_word' id='word_1_21' title='bbox 2485 760 2582 862; x_wconf 85' lang='lat'>(¹),</span> <span class='ocrx_word' id='word_1_22' title='bbox 2625 769 2798 863; x_wconf 91' lang='lat' dir='ltr'>quia</span> 
     </span>
     <span class='ocr_line' id='line_1_4' title="bbox 448 883 2800 993; baseline 0 -31"><span class='ocrx_word' id='word_1_23' title='bbox 448 894 667 962; x_wconf 88' lang='lat' dir='ltr'>autor</span> <span class='ocrx_word' id='word_1_24' title='bbox 718 907 1065 963; x_wconf 87' lang='lat' dir='ltr'>reversus</span> <span class='ocrx_word' id='word_1_25' title='bbox 1113 883 1622 959; x_wconf 85' lang='lat' dir='ltr'>admundum</span> <span class='ocrx_word' id='word_1_26' title='bbox 1660 884 1945 993; x_wconf 20' lang='lat' dir='ltr'>’scribet</span> <span class='ocrx_word' id='word_1_27' title='bbox 2004 885 2097 961; x_wconf 94' lang='lat' dir='ltr'>de</span> <span class='ocrx_word' id='word_1_28' title='bbox 2163 886 2267 960; x_wconf 90' lang='lat' dir='ltr'>eis</span> <span class='ocrx_word' id='word_1_29' title='bbox 2329 892 2401 961; x_wconf 91' lang='lat' dir='ltr'>et</span> <span class='ocrx_word' id='word_1_30' title='bbox 2451 889 2800 963; x_wconf 84' lang='lat' dir='ltr'>exaltabit</span> 
     </span>
     <span class='ocr_line' id='line_1_5' title="bbox 449 1005 2797 1105; baseline 0 -23"><span class='ocrx_word' id='word_1_31' title='bbox 449 1028 720 1082; x_wconf 92' lang='lat' dir='ltr'>nomen</span> <span class='ocrx_word' id='word_1_32' title='bbox 772 1015 846 1082; x_wconf 92' lang='lat' dir='ltr'>et</span> <span class='ocrx_word' id='word_1_33' title='bbox 894 1008 1166 1081; x_wconf 80' lang='lat' dir='ltr'>famam</span> <span class='ocrx_word' id='word_1_34' title='bbox 1221 1027 1507 1081; x_wconf 90' lang='lat' dir='ltr'>eorum.</span> <span class='ocrx_word' id='word_1_35' title='bbox 1564 1005 1648 1077; x_wconf 88' lang='lat' dir='ltr'>Et</span> <span class='ocrx_word' id='word_1_36' title='bbox 1696 1005 1941 1079; x_wconf 87' lang='lat' dir='ltr'><strong>subdit</strong></span> <span class='ocrx_word' id='word_1_37' title='bbox 2000 1006 2075 1079; x_wconf 89' lang='lat' dir='ltr'>in</span> <span class='ocrx_word' id='word_1_38' title='bbox 2130 1007 2422 1101; x_wconf 89' lang='lat' dir='ltr'>speciali</span> <span class='ocrx_word' id='word_1_39' title='bbox 2473 1008 2797 1105; x_wconf 82' lang='lat' dir='ltr'>singula-</span> 
     </span>
     <span class='ocr_line' id='line_1_6' title="bbox 452 1124 2795 1220; baseline 0 -18"><span class='ocrx_word' id='word_1_40' title='bbox 452 1149 612 1203; x_wconf 92' lang='lat' dir='ltr'>rem</span> <span class='ocrx_word' id='word_1_41' title='bbox 663 1128 1124 1203; x_wconf 80' lang='lat' dir='ltr'>affectionem</span> <span class='ocrx_word' id='word_1_42' title='bbox 1189 1146 1415 1219; x_wconf 90' lang='lat' dir='ltr'>quam</span> <span class='ocrx_word' id='word_1_43' title='bbox 1476 1125 1843 1199; x_wconf 90' lang='lat' dir='ltr'>habebant</span> <span class='ocrx_word' id='word_1_44' title='bbox 1899 1126 1993 1200; x_wconf 93' lang='lat' dir='ltr'>ad</span> <span class='ocrx_word' id='word_1_45' title='bbox 2045 1145 2245 1220; x_wconf 89' lang='lat' dir='ltr'>eum,</span> <span class='ocrx_word' id='word_1_46' title='bbox 2312 1127 2598 1203; x_wconf 89' lang='lat' dir='ltr'>dicens:</span> <span class='ocrx_word' id='word_1_47' title='bbox 2651 1151 2689 1203; x_wconf 81' lang='lat' dir='ltr'>e</span> <span class='ocrx_word' id='word_1_48' title='bbox 2735 1124 2795 1203; x_wconf 69' lang='lat' dir='ltr'>si</span> 
     </span>
     <span class='ocr_line' id='line_1_7' title="bbox 450 1245 2794 1344; baseline -0 -23"><span class='ocrx_word' id='word_1_49' title='bbox 450 1270 642 1321; x_wconf 85' lang='lat' dir='ltr'>come</span> <span class='ocrx_word' id='word_1_50' title='bbox 688 1252 1014 1321; x_wconf 60' lang='lat' dir='ltr'>cia-§cuno</span> <span class='ocrx_word' id='word_1_51' title='bbox 1065 1269 1113 1319; x_wconf 92' lang='lat' dir='ltr'>a</span> <span class='ocrx_word' id='word_1_52' title='bbox 1160 1249 1283 1320; x_wconf 84' lang='lat' dir='ltr'>noi</span> <span class='ocrx_word' id='word_1_53' title='bbox 1332 1247 1559 1338; x_wconf 78' lang='lat' dir='ltr'>venia,</span> <span class='ocrx_word' id='word_1_54' title='bbox 1618 1245 2285 1340; x_wconf 83' lang='lat' dir='ltr'>appropinquantes</span> <span class='ocrx_word' id='word_1_55' title='bbox 2334 1248 2427 1322; x_wconf 93' lang='lat' dir='ltr'>ad</span> <span class='ocrx_word' id='word_1_56' title='bbox 2480 1269 2634 1344; x_wconf 81' lang='lat' dir='ltr'>noS,</span> <span class='ocrx_word' id='word_1_57' title='bbox 2677 1273 2794 1324; x_wconf 81' lang='lat' dir='ltr'>ve-</span> 
     </span>
     <span class='ocr_line' id='line_1_8' title="bbox 448 1365 2791 1464; baseline 0 -22"><span class='ocrx_word' id='word_1_58' title='bbox 448 1371 646 1442; x_wconf 69' lang='lat' dir='ltr'>densi</span> <span class='ocrx_word' id='word_1_59' title='bbox 692 1371 738 1442; x_wconf 86' lang='lat' dir='ltr'>l’</span> <span class='ocrx_word' id='word_1_60' title='bbox 763 1370 1039 1459; x_wconf 84' lang='lat' dir='ltr'>ombra,</span> <span class='ocrx_word' id='word_1_61' title='bbox 1092 1367 1298 1460; x_wconf 89' lang='lat' dir='ltr'>idest,</span> <span class='ocrx_word' id='word_1_62' title='bbox 1338 1365 1585 1440; x_wconf 91' lang='lat' dir='ltr'>anima</span> <span class='ocrx_word' id='word_1_63' title='bbox 1639 1365 1861 1459; x_wconf 91' lang='lat' dir='ltr'>clara,</span> <span class='ocrx_word' id='word_1_64' title='bbox 1916 1369 2127 1458; x_wconf 75' lang='lat' dir='ltr'>piena</span> <span class='ocrx_word' id='word_1_65' title='bbox 2177 1370 2253 1440; x_wconf 86' lang='lat' dir='ltr'>di</span> <span class='ocrx_word' id='word_1_66' title='bbox 2300 1370 2559 1460; x_wconf 80' lang='lat' dir='ltr'>letizia,</span> <span class='ocrx_word' id='word_1_67' title='bbox 2594 1370 2791 1464; x_wconf 90' lang='lat' dir='ltr'>plus-</span> 
     </span>
     <span class='ocr_line' id='line_1_9' title="bbox 448 1485 2789 1585; baseline 0.001 -23"><span class='ocrx_word' id='word_1_68' title='bbox 448 1510 673 1585; x_wconf 90' lang='lat' dir='ltr'>quam</span> <span class='ocrx_word' id='word_1_69' title='bbox 728 1490 989 1584; x_wconf 92' lang='lat' dir='ltr'>primo,</span> <span class='ocrx_word' id='word_1_70' title='bbox 1041 1491 1158 1561; x_wconf 83' lang='lat' dir='ltr'>nel</span> <span class='ocrx_word' id='word_1_71' title='bbox 1198 1490 1439 1582; x_wconf 72' lang='lat' dir='ltr'>solyor</span> <span class='ocrx_word' id='word_1_72' title='bbox 1488 1488 1758 1576; x_wconf 76' lang='lat' dir='ltr'>chiaro,</span> <span class='ocrx_word' id='word_1_73' title='bbox 1811 1485 2017 1578; x_wconf 90' lang='lat' dir='ltr'>idest,</span> <span class='ocrx_word' id='word_1_74' title='bbox 2082 1487 2466 1581; x_wconf 80' lang='lat' dir='ltr'>splendore</span> <span class='ocrx_word' id='word_1_75' title='bbox 2528 1491 2789 1584; x_wconf 92' lang='lat' dir='ltr'>lucid0,</span> 
     </span>
     <span class='ocr_line' id='line_1_10' title="bbox 447 1602 2792 1702; baseline 0 -18"><span class='ocrx_word' id='word_1_76' title='bbox 447 1613 566 1684; x_wconf 77' lang='lat' dir='ltr'>che</span> <span class='ocrx_word' id='word_1_77' title='bbox 615 1613 691 1684; x_wconf 80' lang='lat' dir='ltr'>di</span> <span class='ocrx_word' id='word_1_78' title='bbox 740 1613 825 1684; x_wconf 83' lang='lat' dir='ltr'>lei</span> <span class='ocrx_word' id='word_1_79' title='bbox 871 1602 1084 1683; x_wconf 69' lang='lat' dir='ltr'>uscia.</span> <span class='ocrx_word' id='word_1_80' title='bbox 1138 1610 1228 1682; x_wconf 89' lang='lat' dir='ltr'>Et</span> <span class='ocrx_word' id='word_1_81' title='bbox 1277 1608 1394 1690; x_wconf 82' lang='lat' dir='ltr'>hic</span> <span class='ocrx_word' id='word_1_82' title='bbox 1444 1616 1614 1682; x_wconf 88' lang='lat' dir='ltr'>nota</span> <span class='ocrx_word' id='word_1_83' title='bbox 1661 1605 1862 1701; x_wconf 92' lang='lat' dir='ltr'>quod</span> <span class='ocrx_word' id='word_1_84' title='bbox 1913 1613 2129 1702; x_wconf 86' lang='lat' dir='ltr'>poeta</span> <span class='ocrx_word' id='word_1_85' title='bbox 2182 1610 2445 1684; x_wconf 90' lang='lat' dir='ltr'>merito</span> <span class='ocrx_word' id='word_1_86' title='bbox 2480 1611 2603 1685; x_wconf 93' lang='lat' dir='ltr'>dat</span> <span class='ocrx_word' id='word_1_87' title='bbox 2641 1611 2792 1684; x_wconf 92' lang='lat' dir='ltr'>istis</span> 
     </span>
     <span class='ocr_line' id='line_1_11' title="bbox 449 1726 2787 1827; baseline 0 -22"><span class='ocrx_word' id='word_1_88' title='bbox 449 1731 898 1827; x_wconf 83' lang='lat' dir='ltr'>singularem</span> <span class='ocrx_word' id='word_1_89' title='bbox 933 1729 1341 1804; x_wconf 83' lang='lat' dir='ltr'>claritatem</span> <span class='ocrx_word' id='word_1_90' title='bbox 1380 1733 1454 1802; x_wconf 89' lang='lat' dir='ltr'>et</span> <span class='ocrx_word' id='word_1_91' title='bbox 1485 1726 1833 1821; x_wconf 87' lang='lat' dir='ltr'>laetitiam,</span> <span class='ocrx_word' id='word_1_92' title='bbox 1871 1727 2046 1822; x_wconf 91' lang='lat' dir='ltr'>quia</span> <span class='ocrx_word' id='word_1_93' title='bbox 2079 1729 2486 1804; x_wconf 88' lang='lat' dir='ltr'>Mercurius</span> <span class='ocrx_word' id='word_1_94' title='bbox 2521 1737 2630 1806; x_wconf 91' lang='lat' dir='ltr'>est</span> <span class='ocrx_word' id='word_1_95' title='bbox 2663 1734 2787 1827; x_wconf 90' lang='lat' dir='ltr'>qui</span> 
     </span>
     <span class='ocr_line' id='line_1_12' title="bbox 447 1848 2791 1946; baseline -0 -20"><span class='ocrx_word' id='word_1_96' title='bbox 447 1850 618 1926; x_wconf 80' lang='lat' dir='ltr'>facit</span> <span class='ocrx_word' id='word_1_97' title='bbox 654 1850 988 1925; x_wconf 88' lang='lat' dir='ltr'>homines</span> <span class='ocrx_word' id='word_1_98' title='bbox 1018 1850 1319 1943; x_wconf 85' lang='lat' dir='ltr'>activos,</span> <span class='ocrx_word' id='word_1_99' title='bbox 1355 1867 1680 1943; x_wconf 83' lang='lat' dir='ltr'>sagaceS,</span> <span class='ocrx_word' id='word_1_100' title='bbox 1706 1848 2174 1943; x_wconf 88' lang='lat' dir='ltr'>eloquentes:</span> <span class='ocrx_word' id='word_1_101' title='bbox 2212 1852 2629 1946; x_wconf 89' lang='lat' dir='ltr'>eloquentia</span> <span class='ocrx_word' id='word_1_102' title='bbox 2657 1874 2791 1928; x_wconf 91' lang='lat' dir='ltr'>au-</span> 
     </span>
     <span class='ocr_line' id='line_1_13' title="bbox 447 1967 2790 2066; baseline -0 -19"><span class='ocrx_word' id='word_1_103' title='bbox 447 1978 598 2047; x_wconf 88' lang='lat' dir='ltr'>tem</span> <span class='ocrx_word' id='word_1_104' title='bbox 651 1976 762 2046; x_wconf 90' lang='lat' dir='ltr'>est</span> <span class='ocrx_word' id='word_1_105' title='bbox 812 1991 931 2045; x_wconf 93' lang='lat' dir='ltr'>res</span> <span class='ocrx_word' id='word_1_106' title='bbox 967 1969 1338 2063; x_wconf 83' lang='lat' dir='ltr'>mirabiliS,</span> <span class='ocrx_word' id='word_1_107' title='bbox 1374 1967 1468 2043; x_wconf 92' lang='lat' dir='ltr'>de</span> <span class='ocrx_word' id='word_1_108' title='bbox 1502 1989 1649 2063; x_wconf 92' lang='lat' dir='ltr'>qua</span> <span class='ocrx_word' id='word_1_109' title='bbox 1690 1967 1861 2043; x_wconf 90' lang='lat' dir='ltr'>dicit</span> <span class='ocrx_word' id='word_1_110' title='bbox 1902 1969 2203 2064; x_wconf 83' lang='lat' dir='ltr'>TulliuS,</span> <span class='ocrx_word' id='word_1_111' title='bbox 2240 1971 2436 2066; x_wconf 94' lang='lat' dir='ltr'>quod</span> <span class='ocrx_word' id='word_1_112' title='bbox 2472 1973 2645 2046; x_wconf 88' lang='lat' dir='ltr'>nihil</span> <span class='ocrx_word' id='word_1_113' title='bbox 2682 1974 2790 2048; x_wconf 82' lang='lat' dir='ltr'>vi-</span> 
     </span>
     <span class='ocr_line' id='line_1_14' title="bbox 443 2089 2788 2187; baseline 0 -20"><span class='ocrx_word' id='word_1_114' title='bbox 443 2093 664 2168; x_wconf 87' lang='lat' dir='ltr'>detur</span> <span class='ocrx_word' id='word_1_115' title='bbox 714 2092 978 2167; x_wconf 90' lang='lat' dir='ltr'>melius</span> <span class='ocrx_word' id='word_1_116' title='bbox 1029 2113 1253 2187; x_wconf 90' lang='lat' dir='ltr'>quam</span> <span class='ocrx_word' id='word_1_117' title='bbox 1306 2110 1521 2186; x_wconf 92' lang='lat' dir='ltr'>posse</span> <span class='ocrx_word' id='word_1_118' title='bbox 1561 2089 1866 2164; x_wconf 90' lang='lat' dir='ltr'>dicendo</span> <span class='ocrx_word' id='word_1_119' title='bbox 1906 2095 2160 2165; x_wconf 91' lang='lat' dir='ltr'>tenere</span> <span class='ocrx_word' id='word_1_120' title='bbox 2203 2091 2586 2165; x_wconf 89' lang='lat' dir='ltr'>hominum</span> <span class='ocrx_word' id='word_1_121' title='bbox 2628 2099 2788 2167; x_wconf 90' lang='lat' dir='ltr'>tur-</span> 
     </span>
     <span class='ocr_line' id='line_1_15' title="bbox 440 2212 2785 2309; baseline -0.001 -21"><span class='ocrx_word' id='word_1_122' title='bbox 440 2213 594 2309; x_wconf 89' lang='lat' dir='ltr'>bas,</span> <span class='ocrx_word' id='word_1_123' title='bbox 649 2220 931 2289; x_wconf 89' lang='lat' dir='ltr'>mentes</span> <span class='ocrx_word' id='word_1_124' title='bbox 983 2214 1300 2307; x_wconf 86' lang='lat' dir='ltr'>allicere,</span> <span class='ocrx_word' id='word_1_125' title='bbox 1353 2212 1767 2286; x_wconf 84' lang='lat' dir='ltr'>voluntates</span> <span class='ocrx_word' id='word_1_126' title='bbox 1827 2231 2235 2306; x_wconf 86' lang='lat' dir='ltr'>provocare</span> <span class='ocrx_word' id='word_1_127' title='bbox 2285 2218 2361 2286; x_wconf 89' lang='lat' dir='ltr'>et</span> <span class='ocrx_word' id='word_1_128' title='bbox 2412 2232 2785 2288; x_wconf 85' lang='lat' dir='ltr'>revocare.</span> 
     </span>
     <span class='ocr_line' id='line_1_16' title="bbox 439 2331 2790 2431; baseline -0.001 -22"><span class='ocrx_word' id='word_1_129' title='bbox 439 2335 627 2425; x_wconf 86' lang='lat' dir='ltr'>Quid</span> <span class='ocrx_word' id='word_1_130' title='bbox 677 2343 832 2409; x_wconf 87' lang='lat' dir='ltr'>tam</span> <span class='ocrx_word' id='word_1_131' title='bbox 887 2337 1157 2431; x_wconf 84' lang='lat' dir='ltr'>regale,</span> <span class='ocrx_word' id='word_1_132' title='bbox 1194 2341 1345 2409; x_wconf 88' lang='lat' dir='ltr'>tam</span> <span class='ocrx_word' id='word_1_133' title='bbox 1396 2333 1721 2426; x_wconf 91' lang='lat' dir='ltr'>liberale,</span> <span class='ocrx_word' id='word_1_134' title='bbox 1757 2352 1984 2425; x_wconf 91' lang='lat' dir='ltr'>quam</span> <span class='ocrx_word' id='word_1_135' title='bbox 2022 2331 2202 2407; x_wconf 92' lang='lat' dir='ltr'>dare</span> <span class='ocrx_word' id='word_1_136' title='bbox 2235 2332 2573 2427; x_wconf 88' lang='lat' dir='ltr'>salutem,</span> <span class='ocrx_word' id='word_1_137' title='bbox 2610 2332 2790 2407; x_wconf 88' lang='lat' dir='ltr'>libe-</span> 
     </span>
     <span class='ocr_line' id='line_1_17' title="bbox 444 2452 2786 2550; baseline -0 -22"><span class='ocrx_word' id='word_1_138' title='bbox 444 2475 616 2530; x_wconf 91' lang='lat' dir='ltr'>rare</span> <span class='ocrx_word' id='word_1_139' title='bbox 665 2456 1026 2550; x_wconf 77' lang='lat' dir='ltr'>periculiS,</span> <span class='ocrx_word' id='word_1_140' title='bbox 1080 2455 1399 2530; x_wconf 88' lang='lat' dir='ltr'>retinere</span> <span class='ocrx_word' id='word_1_141' title='bbox 1451 2453 1784 2527; x_wconf 88' lang='lat' dir='ltr'>homines</span> <span class='ocrx_word' id='word_1_142' title='bbox 1834 2453 1907 2525; x_wconf 91' lang='lat' dir='ltr'>in</span> <span class='ocrx_word' id='word_1_143' title='bbox 1960 2452 2297 2527; x_wconf 77' lang='lat' dir='ltr'>civitate?</span> <span class='ocrx_word' id='word_1_144' title='bbox 2347 2454 2542 2548; x_wconf 86' lang='lat' dir='ltr'>Ergo</span> <span class='ocrx_word' id='word_1_145' title='bbox 2596 2453 2786 2527; x_wconf 89' lang='lat' dir='ltr'>bene</span> 
     </span>
     <span class='ocr_line' id='line_1_18' title="bbox 442 2572 2786 2670; baseline -0.001 -21"><span class='ocrx_word' id='word_1_146' title='bbox 442 2575 653 2649; x_wconf 87' lang='lat' dir='ltr'>dicit:</span> <span class='ocrx_word' id='word_1_147' title='bbox 713 2574 879 2670; x_wconf 88' lang='lat' dir='ltr'>quis</span> <span class='ocrx_word' id='word_1_148' title='bbox 943 2596 1089 2648; x_wconf 91' lang='lat' dir='ltr'>non</span> <span class='ocrx_word' id='word_1_149' title='bbox 1147 2580 1456 2649; x_wconf 91' lang='lat' dir='ltr'>conetur</span> <span class='ocrx_word' id='word_1_150' title='bbox 1505 2572 2011 2647; x_wconf 86' lang='lat' dir='ltr'>*antecellere</span> <span class='ocrx_word' id='word_1_151' title='bbox 2070 2572 2486 2647; x_wconf 88' lang='lat' dir='ltr'>hominibus</span> <span class='ocrx_word' id='word_1_152' title='bbox 2553 2572 2625 2646; x_wconf 89' lang='lat' dir='ltr'>in</span> <span class='ocrx_word' id='word_1_153' title='bbox 2695 2592 2786 2647; x_wconf 88' lang='lat' dir='ltr'>eo</span> 
     </span>
     <span class='ocr_line' id='line_1_19' title="bbox 443 2683 2786 2787; baseline -0.001 -20"><span class='ocrx_word' id='word_1_154' title='bbox 443 2695 769 2769; x_wconf 85' lang='lat' dir='ltr'>maxime</span> <span class='ocrx_word' id='word_1_155' title='bbox 817 2694 893 2767; x_wconf 90' lang='lat' dir='ltr'>in</span> <span class='ocrx_word' id='word_1_156' title='bbox 943 2714 1096 2787; x_wconf 93' lang='lat' dir='ltr'>quo</span> <span class='ocrx_word' id='word_1_157' title='bbox 1145 2693 1477 2767; x_wconf 88' lang='lat' dir='ltr'>homines</span> <span class='ocrx_word' id='word_1_158' title='bbox 1528 2692 1781 2767; x_wconf 92' lang='lat' dir='ltr'>studiis</span> <span class='ocrx_word' id='word_1_159' title='bbox 1810 2683 1885 2784; x_wconf 75' lang='lat'>(²)</span> <span class='ocrx_word' id='word_1_160' title='bbox 1929 2693 2379 2787; x_wconf 74' lang='lat' dir='ltr'>praevalent‘l</span> <span class='ocrx_word' id='word_1_161' title='bbox 2413 2692 2576 2786; x_wconf 93' lang='lat' dir='ltr'>quis</span> <span class='ocrx_word' id='word_1_162' title='bbox 2610 2693 2786 2765; x_wconf 89' lang='lat' dir='ltr'>hor-</span> 
     </span>
     <span class='ocr_line' id='line_1_20' title="bbox 439 2805 2785 2908; baseline -0.002 -17"><span class='ocrx_word' id='word_1_163' title='bbox 439 2816 645 2891; x_wconf 84' lang='lat' dir='ltr'>tari*</span> <span class='ocrx_word' id='word_1_164' title='bbox 680 2805 756 2908; x_wconf 82' lang='lat'>(³)</span> <span class='ocrx_word' id='word_1_165' title='bbox 809 2815 900 2889; x_wconf 91' lang='lat' dir='ltr'>ad</span> <span class='ocrx_word' id='word_1_166' title='bbox 953 2815 1301 2889; x_wconf 87' lang='lat' dir='ltr'>virtutem</span> <span class='ocrx_word' id='word_1_167' title='bbox 1353 2813 1777 2889; x_wconf 72' lang='lat' dir='ltr'>ardentius?</span> <span class='ocrx_word' id='word_1_168' title='bbox 1821 2812 1988 2905; x_wconf 92' lang='lat' dir='ltr'>quis</span> <span class='ocrx_word' id='word_1_169' title='bbox 2034 2833 2079 2887; x_wconf 93' lang='lat' dir='ltr'>a</span> <span class='ocrx_word' id='word_1_170' title='bbox 2131 2812 2318 2886; x_wconf 84' lang='lat' dir='ltr'>vitiis</span> <span class='ocrx_word' id='word_1_171' title='bbox 2366 2812 2613 2887; x_wconf 89' lang='lat' dir='ltr'>acrius</span> <span class='ocrx_word' id='word_1_172' title='bbox 2665 2832 2785 2886; x_wconf 90' lang='lat' dir='ltr'>re-</span> 
     </span>
     <span class='ocr_line' id='line_1_21' title="bbox 437 2931 2786 3029; baseline -0.002 -19"><span class='ocrx_word' id='word_1_173' title='bbox 437 2955 707 3010; x_wconf 86' lang='lat' dir='ltr'>vocare</span> <span class='ocrx_word' id='word_1_174' title='bbox 755 2941 919 3027; x_wconf 88' lang='lat' dir='ltr'>etc.,</span> <span class='ocrx_word' id='word_1_175' title='bbox 982 2933 1323 3007; x_wconf 86' lang='lat' dir='ltr'>mirificas</span> <span class='ocrx_word' id='word_1_176' title='bbox 1386 2932 1640 3007; x_wconf 91' lang='lat' dir='ltr'>laudes</span> <span class='ocrx_word' id='word_1_177' title='bbox 1706 2932 2147 3028; x_wconf 84' lang='lat' dir='ltr'>eloquentiae</span> <span class='ocrx_word' id='word_1_178' title='bbox 2213 2932 2443 3029; x_wconf 84' lang='lat' dir='ltr'>tangit</span> <span class='ocrx_word' id='word_1_179' title='bbox 2509 2931 2786 3005; x_wconf 92' lang='lat' dir='ltr'>Tullius</span> 
     </span>
     <span class='ocr_line' id='line_1_22' title="bbox 435 3051 2786 3150; baseline -0.002 -22"><span class='ocrx_word' id='word_1_180' title='bbox 435 3054 676 3150; x_wconf 90' lang='lat' dir='ltr'>primo</span> <span class='ocrx_word' id='word_1_181' title='bbox 726 3053 819 3127; x_wconf 92' lang='lat' dir='ltr'>de</span> <span class='ocrx_word' id='word_1_182' title='bbox 866 3054 1202 3147; x_wconf 87' lang='lat' dir='ltr'>Oratore,</span> <span class='ocrx_word' id='word_1_183' title='bbox 1233 3060 1307 3127; x_wconf 91' lang='lat' dir='ltr'>et</span> <span class='ocrx_word' id='word_1_184' title='bbox 1342 3052 1794 3149; x_wconf 84' lang='lat' dir='ltr'>Augustinus</span> <span class='ocrx_word' id='word_1_185' title='bbox 1844 3052 2032 3128; x_wconf 93' lang='lat' dir='ltr'>libro</span> <span class='ocrx_word' id='word_1_186' title='bbox 2082 3053 2176 3128; x_wconf 91' lang='lat' dir='ltr'>de</span> <span class='ocrx_word' id='word_1_187' title='bbox 2222 3052 2552 3127; x_wconf 90' lang='lat' dir='ltr'>doctrina</span> <span class='ocrx_word' id='word_1_188' title='bbox 2593 3051 2786 3126; x_wconf 88' lang='lat' dir='ltr'>chri-</span> 
     </span>
     <span class='ocr_line' id='line_1_23' title="bbox 436 3171 2786 3249; baseline -0.001 -1"><span class='ocrx_word' id='word_1_189' title='bbox 436 3174 691 3248; x_wconf 86' lang='lat' dir='ltr'>stiana.</span> <span class='ocrx_word' id='word_1_190' title='bbox 721 3178 1093 3247; x_wconf 78' lang='lat' dir='ltr'>—Pensa.</span> <span class='ocrx_word' id='word_1_191' title='bbox 1149 3174 1361 3246; x_wconf 90' lang='lat' dir='ltr'>Nunc</span> <span class='ocrx_word' id='word_1_192' title='bbox 1418 3179 1637 3247; x_wconf 92' lang='lat' dir='ltr'>autor</span> <span class='ocrx_word' id='word_1_193' title='bbox 1699 3172 2255 3249; x_wconf 86' lang='lat' dir='ltr'>introducturus</span> <span class='ocrx_word' id='word_1_194' title='bbox 2322 3193 2557 3246; x_wconf 89' lang='lat' dir='ltr'>unum</span> <span class='ocrx_word' id='word_1_195' title='bbox 2619 3171 2786 3245; x_wconf 90' lang='lat' dir='ltr'>illu-</span> 
     </span>
     <span class='ocr_line' id='line_1_24' title="bbox 435 3293 2786 3390; baseline -0.001 -21"><span class='ocrx_word' id='word_1_196' title='bbox 435 3294 872 3369; x_wconf 88' lang='lat' dir='ltr'>strissimum</span> <span class='ocrx_word' id='word_1_197' title='bbox 926 3301 1001 3370; x_wconf 94' lang='lat' dir='ltr'>et</span> <span class='ocrx_word' id='word_1_198' title='bbox 1059 3293 1701 3390; x_wconf 82' lang='lat' dir='ltr'>praeclarissimum</span> <span class='ocrx_word' id='word_1_199' title='bbox 1764 3293 2099 3390; x_wconf 90' lang='lat' dir='ltr'>spiritum</span> <span class='ocrx_word' id='word_1_200' title='bbox 2161 3293 2255 3369; x_wconf 89' lang='lat' dir='ltr'>de</span> <span class='ocrx_word' id='word_1_201' title='bbox 2318 3313 2534 3388; x_wconf 91' lang='lat' dir='ltr'>spera</span> <span class='ocrx_word' id='word_1_202' title='bbox 2592 3293 2786 3367; x_wconf 89' lang='lat' dir='ltr'>Mer-</span> 
     </span>
     <span class='ocr_line' id='line_1_25' title="bbox 432 3414 2780 3509; baseline -0.003 -19"><span class='ocrx_word' id='word_1_203' title='bbox 432 3415 643 3509; x_wconf 90' lang='lat' dir='ltr'>curii,</span> <span class='ocrx_word' id='word_1_204' title='bbox 711 3415 1016 3490; x_wconf 88' lang='lat' dir='ltr'>intendit</span> <span class='ocrx_word' id='word_1_205' title='bbox 1074 3415 1317 3490; x_wconf 80' lang='lat' dir='ltr'>facere</span> <span class='ocrx_word' id='word_1_206' title='bbox 1372 3414 1788 3489; x_wconf 87' lang='lat' dir='ltr'>auditorem</span> <span class='ocrx_word' id='word_1_207' title='bbox 1855 3414 2156 3489; x_wconf 82' lang='lat' dir='ltr'>avidum</span> <span class='ocrx_word' id='word_1_208' title='bbox 2222 3420 2298 3489; x_wconf 91' lang='lat' dir='ltr'>et</span> <span class='ocrx_word' id='word_1_209' title='bbox 2364 3419 2780 3504; x_wconf 75' lang='lat' dir='ltr'>attentum,</span> 
     </span>
     <span class='ocr_line' id='line_1_26' title="bbox 433 3533 2781 3631; baseline -0.001 -23"><span class='ocrx_word' id='word_1_210' title='bbox 433 3536 689 3631; x_wconf 89' lang='lat' dir='ltr'>pulcre</span> <span class='ocrx_word' id='word_1_211' title='bbox 738 3542 813 3610; x_wconf 91' lang='lat' dir='ltr'>et</span> <span class='ocrx_word' id='word_1_212' title='bbox 844 3535 1234 3610; x_wconf 82' lang='lat' dir='ltr'>artificiose</span> <span class='ocrx_word' id='word_1_213' title='bbox 1266 3534 1642 3630; x_wconf 90' lang='lat' dir='ltr'>suspendit</span> <span class='ocrx_word' id='word_1_214' title='bbox 1674 3534 2005 3609; x_wconf 89' lang='lat' dir='ltr'>animum</span> <span class='ocrx_word' id='word_1_215' title='bbox 2051 3534 2359 3631; x_wconf 83' lang='lat' dir='ltr'>legentis</span> <span class='ocrx_word' id='word_1_216' title='bbox 2391 3533 2781 3609; x_wconf 90' lang='lat' dir='ltr'>ostendens</span> 
     </span>
     <span class='ocr_line' id='line_1_27' title="bbox 430 3653 2782 3749; baseline -0.002 -19"><span class='ocrx_word' id='word_1_217' title='bbox 430 3656 813 3731; x_wconf 84' lang='lat' dir='ltr'>ardentem</span> <span class='ocrx_word' id='word_1_218' title='bbox 866 3655 1323 3731; x_wconf 80' lang='lat' dir='ltr'>affectionem</span> <span class='ocrx_word' id='word_1_219' title='bbox 1378 3676 1603 3749; x_wconf 90' lang='lat' dir='ltr'>quam</span> <span class='ocrx_word' id='word_1_220' title='bbox 1661 3655 1974 3730; x_wconf 86' lang='lat' dir='ltr'>habebat</span> <span class='ocrx_word' id='word_1_221' title='bbox 2027 3655 2295 3730; x_wconf 88' lang='lat' dir='ltr'>sciendi</span> <span class='ocrx_word' id='word_1_222' title='bbox 2336 3655 2431 3729; x_wconf 95' lang='lat' dir='ltr'>de</span> <span class='ocrx_word' id='word_1_223' title='bbox 2464 3654 2601 3727; x_wconf 93' lang='lat' dir='ltr'>illis</span> <span class='ocrx_word' id='word_1_224' title='bbox 2634 3653 2782 3748; x_wconf 93' lang='lat' dir='ltr'>spi-</span> 
     </span>
     <span class='ocr_line' id='line_1_28' title="bbox 430 3774 2780 3870; baseline -0.002 -20"><span class='ocrx_word' id='word_1_225' title='bbox 430 3775 715 3870; x_wconf 89' lang='lat' dir='ltr'>ritibus,</span> <span class='ocrx_word' id='word_1_226' title='bbox 766 3781 841 3850; x_wconf 90' lang='lat' dir='ltr'>et</span> <span class='ocrx_word' id='word_1_227' title='bbox 888 3776 1251 3850; x_wconf 80' lang='lat' dir='ltr'>convertit</span> <span class='ocrx_word' id='word_1_228' title='bbox 1298 3796 1718 3851; x_wconf 91' lang='lat' dir='ltr'>sermonem</span> <span class='ocrx_word' id='word_1_229' title='bbox 1770 3796 1991 3849; x_wconf 88' lang='lat' dir='ltr'>suum</span> <span class='ocrx_word' id='word_1_230' title='bbox 2044 3776 2139 3851; x_wconf 92' lang='lat' dir='ltr'>ad</span> <span class='ocrx_word' id='word_1_231' title='bbox 2188 3775 2629 3866; x_wconf 88' lang='lat' dir='ltr'>auditorem,</span> <span class='ocrx_word' id='word_1_232' title='bbox 2667 3774 2780 3847; x_wconf 94' lang='lat' dir='ltr'>di-</span> 
     </span>
     <span class='ocr_line' id='line_1_29' title="bbox 428 3893 2776 3989; baseline -0.002 -19"><span class='ocrx_word' id='word_1_233' title='bbox 428 3915 639 3970; x_wconf 88' lang='lat' dir='ltr'>cens:</span> <span class='ocrx_word' id='word_1_234' title='bbox 695 3900 953 3987; x_wconf 76' lang='lat' dir='ltr'>Pensa,</span> <span class='ocrx_word' id='word_1_235' title='bbox 1004 3899 1230 3988; x_wconf 76' lang='lat' dir='ltr'>lector,</span> <span class='ocrx_word' id='word_1_236' title='bbox 1285 3916 1359 3968; x_wconf 77' lang='lat' dir='ltr'>se</span> <span class='ocrx_word' id='word_1_237' title='bbox 1409 3899 1568 3987; x_wconf 83' lang='lat' dir='ltr'>quel</span> <span class='ocrx_word' id='word_1_238' title='bbox 1621 3898 1743 3969; x_wconf 74' lang='lat' dir='ltr'>che</span> <span class='ocrx_word' id='word_1_239' title='bbox 1798 3899 1917 3988; x_wconf 78' lang='lat' dir='ltr'>qui</span> <span class='ocrx_word' id='word_1_240' title='bbox 1976 3898 2300 3985; x_wconf 76' lang='lat' dir='ltr'>s’inizia,</span> <span class='ocrx_word' id='word_1_241' title='bbox 2379 3893 2576 3989; x_wconf 92' lang='lat' dir='ltr'>quod</span> <span class='ocrx_word' id='word_1_242' title='bbox 2618 3893 2776 3988; x_wconf 67' lang='lat' dir='ltr'>‚iam</span> 
     </span>
     <span class='ocr_line' id='line_1_30' title="bbox 430 4009 2778 4111; baseline -0.002 -22"><span class='ocrx_word' id='word_1_243' title='bbox 430 4015 718 4090; x_wconf 85' lang='lat' dir='ltr'>videtur</span> <span class='ocrx_word' id='word_1_244' title='bbox 755 4009 895 4090; x_wconf 76' lang='lat' dir='ltr'>&#39;tibi</span> <span class='ocrx_word' id='word_1_245' title='bbox 945 4036 1108 4091; x_wconf 90' lang='lat' dir='ltr'>esse</span> <span class='ocrx_word' id='word_1_246' title='bbox 1160 4015 1334 4109; x_wconf 88' lang='lat' dir='ltr'>quid</span> <span class='ocrx_word' id='word_1_247' title='bbox 1385 4036 1740 4111; x_wconf 82' lang='lat' dir='ltr'>magnum</span> <span class='ocrx_word' id='word_1_248' title='bbox 1777 4016 1869 4091; x_wconf 94' lang='lat' dir='ltr'>de</span> <span class='ocrx_word' id='word_1_249' title='bbox 1905 4037 2055 4111; x_wconf 94' lang='lat' dir='ltr'>quo</span> <span class='ocrx_word' id='word_1_250' title='bbox 2088 4016 2335 4090; x_wconf 89' lang='lat' dir='ltr'>dicere</span> <span class='ocrx_word' id='word_1_251' title='bbox 2375 4014 2587 4110; x_wconf 89' lang='lat' dir='ltr'>coepi,</span> <span class='ocrx_word' id='word_1_252' title='bbox 2634 4034 2778 4086; x_wconf 79' lang='lat' dir='ltr'>non</span> 
     </span>
     <span class='ocr_line' id='line_1_31' title="bbox 422 4137 2768 4231; baseline 0 -24"><span class='ocrx_word' id='word_1_253' title='bbox 422 4138 853 4230; x_wconf 78' lang='lat' dir='ltr'>procedesse,</span> <span class='ocrx_word' id='word_1_254' title='bbox 907 4137 1243 4231; x_wconf 88' lang='lat' dir='ltr'>ulterius,</span> <span class='ocrx_word' id='word_1_255' title='bbox 1297 4157 1490 4210; x_wconf 81' lang='lat' dir='ltr'>come</span> <span class='ocrx_word' id='word_1_256' title='bbox 1538 4144 1609 4210; x_wconf 81' lang='lat' dir='ltr'>tu</span> <span class='ocrx_word' id='word_1_257' title='bbox 1668 4140 1931 4210; x_wconf 76' lang='lat' dir='ltr'>avresti</span> <span class='ocrx_word' id='word_1_258' title='bbox 1982 4139 2404 4229; x_wconf 71' lang='lat' dir='ltr'>anyosciosa</span> <span class='ocrx_word' id='word_1_259' title='bbox 2468 4137 2768 4228; x_wconf 74' lang='lat' dir='ltr'>carizia,</span> 
     </span>
     <span class='ocr_line' id='line_1_32' title="bbox 425 4253 2773 4353; baseline 0.001 -26"><span class='ocrx_word' id='word_1_260' title='bbox 425 4253 634 4346; x_wconf 87' lang='lat' dir='ltr'>idest,</span> <span class='ocrx_word' id='word_1_261' title='bbox 681 4257 1178 4352; x_wconf 85' lang='lat' dir='ltr'>angustiosam</span> <span class='ocrx_word' id='word_1_262' title='bbox 1230 4256 1713 4332; x_wconf 90' lang='lat' dir='ltr'>caritudinem</span> <span class='ocrx_word' id='word_1_263' title='bbox 1766 4257 1842 4332; x_wconf 90' lang='lat' dir='ltr'>in</span> <span class='ocrx_word' id='word_1_264' title='bbox 1891 4264 2163 4353; x_wconf 88' lang='lat' dir='ltr'>mente,</span> <span class='ocrx_word' id='word_1_265' title='bbox 2207 4260 2283 4331; x_wconf 80' lang='lat' dir='ltr'>di</span> <span class='ocrx_word' id='word_1_266' title='bbox 2320 4253 2447 4350; x_wconf 64' lang='lat' dir='ltr'>pii&gt;</span> <span class='ocrx_word' id='word_1_267' title='bbox 2494 4277 2773 4350; x_wconf 83' lang='lat' dir='ltr'>sapere,</span> 
     </span>
     <span class='ocr_line' id='line_1_33' title="bbox 425 4375 2767 4475; baseline 0.001 -28"><span class='ocrx_word' id='word_1_268' title='bbox 425 4394 648 4469; x_wconf 89' lang='lat' dir='ltr'>quam</span> <span class='ocrx_word' id='word_1_269' title='bbox 701 4375 1091 4472; x_wconf 83' lang='lat' dir='ltr'>audiveris,</span> <span class='ocrx_word' id='word_1_270' title='bbox 1133 4378 1305 4472; x_wconf 90' lang='lat' dir='ltr'>quia</span> <span class='ocrx_word' id='word_1_271' title='bbox 1341 4377 1515 4450; x_wconf 85' lang='lat' dir='ltr'>nihil</span> <span class='ocrx_word' id='word_1_272' title='bbox 1560 4377 1767 4473; x_wconf 92' lang='lat' dir='ltr'>quasi</span> <span class='ocrx_word' id='word_1_273' title='bbox 1802 4378 1975 4474; x_wconf 85' lang='lat' dir='ltr'>dixi,</span> <span class='ocrx_word' id='word_1_274' title='bbox 2011 4377 2201 4452; x_wconf 90' lang='lat' dir='ltr'>sicut</span> <span class='ocrx_word' id='word_1_275' title='bbox 2232 4377 2472 4475; x_wconf 85' lang='lat' dir='ltr'>gratia</span> <span class='ocrx_word' id='word_1_276' title='bbox 2511 4397 2767 4452; x_wconf 85' lang='lat' dir='ltr'>exem—</span> 
     </span>
    </p>
   </div>
   <div class='ocr_carea' id='block_1_3' title="bbox 547 4561 2604 4708">
    <p class='ocr_par' dir='ltr' id='par_1_3' title="bbox 547 4561 2604 4708">
     <span class='ocr_line' id='line_1_34' title="bbox 547 4561 1791 4628; baseline 0.01 -14"><span class='ocrx_word' id='word_1_277' title='bbox 547 4561 606 4626; x_wconf 71' lang='grc' dir='ltr'>υ)</span> <span class='ocrx_word' id='word_1_278' title='bbox 637 4563 699 4614; x_wconf 75' lang='grc' dir='ltr'>Β.</span> <span class='ocrx_word' id='word_1_279' title='bbox 733 4564 931 4615; x_wconf 73' lang='lat' dir='ltr'>dicunt.</span> <span class='ocrx_word' id='word_1_280' title='bbox 1431 4563 1488 4627; x_wconf 77' lang='grc' dir='ltr'>ι’)</span> <span class='ocrx_word' id='word_1_281' title='bbox 1520 4570 1566 4628; x_wconf 74' lang='lat'>⁴,</span> <span class='ocrx_word' id='word_1_282' title='bbox 1601 4566 1791 4618; x_wconf 72' lang='lat' dir='ltr'>bestiis·</span> 
     </span>
     <span class='ocr_line' id='line_1_35' title="bbox 547 4637 2604 4708; baseline 0.001 -17"><span class='ocrx_word' id='word_1_283' title='bbox 547 4637 605 4702; x_wconf 83' lang='lat'>(⁸)</span> <span class='ocrx_word' id='word_1_284' title='bbox 632 4640 708 4690; x_wconf 79' lang='lat' dir='ltr'>Le</span> <span class='ocrx_word' id='word_1_285' title='bbox 739 4640 919 4703; x_wconf 78' lang='lat' dir='ltr'>parole</span> <span class='ocrx_word' id='word_1_286' title='bbox 948 4640 1032 4693; x_wconf 72' lang='lat' dir='ltr'>fra</span> <span class='ocrx_word' id='word_1_287' title='bbox 1062 4642 1082 4692; x_wconf 78' lang='lat' dir='ltr'>i</span> <span class='ocrx_word' id='word_1_288' title='bbox 1113 4641 1216 4692; x_wconf 80' lang='lat' dir='ltr'>due</span> <span class='ocrx_word' id='word_1_289' title='bbox 1247 4642 1514 4694; x_wconf 66' lang='lat' dir='ltr'>nster-isch}</span> <span class='ocrx_word' id='word_1_290' title='bbox 1545 4656 1638 4694; x_wconf 74' lang='lat' dir='ltr'>son</span> <span class='ocrx_word' id='word_1_291' title='bbox 1671 4644 1897 4708; x_wconf 77' lang='lat' dir='ltr'>supplite</span> <span class='ocrx_word' id='word_1_292' title='bbox 1927 4645 2008 4695; x_wconf 71' lang='lat' dir='ltr'>dai</span> <span class='ocrx_word' id='word_1_293' title='bbox 2038 4644 2214 4697; x_wconf 78' lang='lat' dir='ltr'>codici</span> <span class='ocrx_word' id='word_1_294' title='bbox 2248 4650 2279 4696; x_wconf 72' lang='grc'><strong>4</strong></span> <span class='ocrx_word' id='word_1_295' title='bbox 2308 4657 2341 4694; x_wconf 83' lang='lat' dir='ltr'>e</span> <span class='ocrx_word' id='word_1_296' title='bbox 2373 4644 2604 4695; x_wconf 68' lang='lat' dir='ltr'>Balenae.</span> 
     </span>
    </p>
   </div>
  </div>
 </body>
</html>
