3734 5567
1454 500 1731 555 CANTUs
1780 503 2063 557 ramus,
2786 493 2923 561 331

589 646 975 742 praemium
1047 645 1480 721 meritorum
1544 646 1842 739 homini,
1902 648 2171 722 scilicet
2231 649 2640 725 felicitatem
2711 657 2928 725 aeter-

587 789 784 858 nam,
838 787 1064 859 quam
1118 756 1486 840 constituit
1537 766 1784 840 electis
1833 766 1984 840 suis
2035 767 2110 840 in
2158 769 2514 865 paradiso,
2555 770 2647 844 ad
2700 791 2928 864 quem

586 887 806 961 modo
875 886 1219 962 tendebat
1280 887 1570 960 DanteS.
1638 886 1822 960 Dicit
1888 906 2068 981 ergo
2130 888 2460 962 Beatrix:
2522 894 2627 962 La
2685 894 2931 982 provi-

584 1009 866 1100 denzia,
922 1007 1217 1101 scilicet,
1268 1006 1423 1100 Dei,
1458 1009 1576 1079 che
1624 1013 1901 1079 colante
1942 1013 2223 1099 assella,
2279 1007 2483 1103 idest,
2533 1009 2821 1085 ordinat
2855 1015 2929 1084 et

585 1125 893 1221 disponit
929 1126 1483 1201 universitatem
1521 1131 2038 1201 creaturarum
2086 1124 2160 1198 in
2195 1126 2492 1220 mundo,
2535 1128 2744 1203 sicuti
2769 1130 2926 1224 jam

586 1247 861 1323 dictum
915 1255 1046 1343 est,
1093 1251 1177 1341 fa
1226 1250 1281 1321 il
1325 1250 1474 1338 ciel,
1526 1246 1731 1341 idest,
1786 1268 2021 1320 unum
2076 1247 2349 1321 coelum
2402 1267 2619 1342 super
2667 1269 2929 1324 omnes

583 1370 785 1463 alioS,
848 1390 1018 1443 cum
1089 1367 1350 1442 maiori
1423 1368 1700 1461 ordine,
1769 1367 2062 1461 scilicet,
2133 1387 2595 1464 empyreum,
2661 1389 2930 1460 sempre

584 1492 833 1582 quieto,
890 1488 1015 1562 ubi
1050 1488 1171 1563 alii
1205 1486 1373 1562 coeli
1408 1485 1594 1561 infra
1629 1487 1865 1582 ipsum
1903 1493 2075 1561 sunt
2116 1507 2407 1581 semper
2441 1486 2516 1559 in
2551 1493 2782 1580 motu,
2818 1490 2932 1559 del

581 1631 708 1682 suo
752 1614 956 1701 lume,
995 1610 1165 1703 quia
1209 1610 1484 1683 coelum
1526 1628 1962 1704 empyreum
2002 1614 2238 1682 totum
2278 1615 2386 1682 est
2424 1609 2548 1681 lux
2587 1615 2662 1682 et
2694 1628 2931 1700 amor,

582 1734 698 1803 nel
761 1734 990 1823 quale,
1055 1730 1346 1823 scilicet,
1409 1729 1598 1803 coelo
1662 1728 1938 1823 quieto,
2007 1731 2070 1801 si
2131 1732 2330 1819 volye
2392 1731 2570 1824 quel,
2638 1728 2930 1820 scilicet,

581 1849 758 1924 illud
808 1851 1106 1943 coelum,
1160 1851 1433 1924 scilicet
1486 1850 1808 1945 primum
1863 1849 2156 1944 mobile,
2210 1850 2414 1944 idest,
2466 1870 2655 1924 nova
2690 1869 2930 1946 spera,

582 1971 752 2042 c’lza
785 1974 1113 2061 mayyior
1140 1974 1379 2064 sreua,
1409 1970 1582 2063 quia
1617 1969 1942 2044 velocius
1973 1976 2338 2064 movetur,
2375 1976 2459 2042 ut
2489 1969 2773 2043 dicetur
2808 1990 2934 2043 ca-

580 2090 810 2186 pitulo
836 2090 1169 2184 sequenti
1208 2095 1281 2163 et
1314 2089 1482 2163 alibi
1521 2087 1821 2183 plenius.
1860 2090 1947 2161 Et
1974 2086 2332 2181 subdit(¹):
2369 2096 2434 2162 et
2463 2110 2627 2179 ora,
2660 2089 2931 2164 scilicet

580 2230 779 2284 nunc
828 2211 919 2285 de
971 2211 1333 2305 praesenti,
1386 2213 1459 2284 la
1509 2206 1689 2284 virtu
1739 2213 1814 2283 di
1862 2212 2090 2302 quella
2125 2213 2377 2298 corda,
2412 2210 2704 2304 scilicet,
2746 2208 2931 2285 ordo

577 2329 840 2404 divinae
891 2330 1387 2425 providentiae,
1438 2333 1556 2403 che
1606 2322 1712 2403 οἱὸ
1761 2333 1882 2402 elie
1928 2350 2196 2423 scocca,
2246 2329 2339 2403 ab
2387 2350 2568 2404 arcu
2622 2349 2783 2423 sun,
2819 2332 2927 2402 di-

577 2453 790 2522 rizza
823 2451 898 2521 in
935 2470 1149 2539 scyno
1184 2453 1365 2544 lieto,
1414 2450 1617 2544 idest,
1659 2449 1902 2544 dirigit
1952 2450 2025 2522 in
2076 2449 2353 2524 bonum
2410 2448 2632 2523 finem
2686 2447 2929 2542 praefi-

582 2590 788 2661 xum,
831 2568 1016 2642 sicut
1066 2570 1461 2666 sagiptator
1503 2570 1858 2666 sagiptam
1904 2569 1978 2643 in
2017 2570 2308 2665 signum
2351 2569 2766 2664 praefixum,
2803 2589 2926 2641 cen

572 2698 790 2782 porta
856 2682 930 2780 li,
990 2690 1282 2785 scilicet,
1343 2690 1436 2765 ad
1504 2688 1682 2764 illud
1738 2689 2007 2764 coelum
2073 2690 2407 2782 quietum
2469 2709 2601 2785 per
2652 2690 2923 2765 scalam

582 2830 849 2884 novem
920 2812 1317 2906 graduum,
1382 2832 1572 2884 come
1635 2833 1683 2884 a
1742 2815 1875 2884 sito
1932 2813 2231 2904 decreto,
2302 2810 2506 2904 idest,
2572 2818 2923 2905 tanquam

576 2929 671 3004 ad
707 2930 955 3004 locum
992 2931 1566 3026 praeordinatum
1606 2929 1882 3005 meritis
1918 2930 2058 3004 tuis
2094 2935 2169 3004 et
2202 2930 2518 3004 aliorum
2561 2930 2928 3003 virtuoso-

578 3071 771 3144 rum.
801 3050 970 3125 Ideo
1005 3051 1194 3125 bene
1228 3050 1397 3128 dicit
1432 3051 1891 3148 Augustinus
1924 3050 2284 3145 accipiens
2317 3050 2593 3125 dictum
2630 3050 2932 3146 Virgilii,

577 3169 636 3242 si
689 3176 923 3263 poetae
973 3169 1219 3245 dicere
1269 3170 1517 3245 licuit:
1572 3174 1787 3244 trahit
1820 3191 1952 3243 sua
2002 3189 2333 3263 quemque
2383 3173 2729 3262 voluntas,
2781 3191 2928 3244 non

579 3290 968 3364 necessitas
1043 3291 1167 3364 sed
1238 3292 1599 3386 voluntaS,
1680 3312 1829 3365 non
1906 3291 2250 3387 obligatio
2327 3291 2455 3366 sed
2523 3292 2928 3386 delectatio,

579 3417 856 3504 quanto
908 3430 1040 3484 nos
1089 3411 1347 3486 fortius
1396 3412 1642 3486 dicere
1701 3412 2057 3487 debemus
2127 3411 2348 3485 trahit
2401 3411 2777 3486 hominem
2835 3412 2928 3486 ad

579 3529 970 3624 Christum,
1012 3530 1139 3624 qui
1188 3529 1593 3606 delectatur
1627 3531 1938 3606 veritate
1969 3522 2066 3626 (²),
2112 3530 2578 3625 beatitudine,
2621 3532 2925 3628 justitia,

579 3657 651 3726 et
679 3651 1120 3745 sempiterna
1149 3650 1338 3726 vita?
1363 3652 1450 3724 Et
1474 3651 1643 3725 alibi
1671 3652 1862 3726 idem
1891 3652 2345 3748 Augustinus
2368 3652 2692 3749 allegans
2727 3652 2927 3727 aliud

575 3771 853 3847 dictum
903 3772 1298 3868 poeticum,
1349 3771 1556 3846 dicit:
1611 3776 1771 3845 Non
1820 3772 1893 3845 1ιὶ
1939 3774 2058 3864 qui
2107 3774 2448 3863 pecudum
2484 3778 2933 3864 pertractant

574 3914 831 3986 corque
874 3895 1241 3986 jecurque,
1298 3895 1438 3967 Sed
1486 3913 1782 3985 quorum
1847 3893 2180 3965 emundat
2229 3895 2549 3984 prudens
2602 3913 2925 3983 praecor-

573 4016 695 4086 dia
745 4016 989 4106 virtus,
1049 4015 1448 4087 Eme-ludens
1500 4016 1806 4106 positam
1854 4012 2088 4085 subter
2139 4011 2363 4084 labem
2415 4014 2739 4085 vitiorum
2789 4018 2927 4087 Re-

578 4136 785 4222 mimo
824 4139 1156 4225 poterunt
1201 4134 1447 4206 coelum
1491 4139 1865 4225 penetrare
1915 4133 2242 4224 secunde,
2281 4133 2578 4204 AEthera
2626 4152 2750 4204 nec
2795 4153 2924 4205 va-

578 4272 777 4324 cuum
849 4256 1021 4327 laelis
1073 4261 1565 4327 &anscurrere
1608 4256 1916 4346 penm's;
1969 4252 2204 4346 qualis
2257 4255 2458 4327 recte
2508 4273 2706 4327 nunc
2764 4259 2928 4329 erat

577 4377 787 4466 poeta
840 4373 1130 4448 DanteS.
1171 4414 1269 4427 —
1310 4379 1441 4446 Ver
1507 4369 1564 4446 θ’.
1635 4373 1764 4447 Hic
1830 4372 2124 4447 Beatrix
2201 4372 2371 4447 facit
2434 4373 2923 4468 antiphoram,

699 4634 753 4694 (¹)
784 4631 845 4682 E.
881 4631 948 4682 Et
979 4631 1166 4691 subdit,
1200 4633 1399 4685 dicens:
1432 4642 1482 4686 et
1510 4651 1619 4687 ora.
1925 4634 1978 4697 (⁸)
2014 4634 2073 4685 E.
2107 4635 2316 4685 virtute.
