3734 5567
1180 521 1459 576 CANTUS
1508 523 1889 577 vlosssmus
1939 524 2302 579 SEPTIMUS,
2771 516 2909 583 143
2972 564 2977 569 ·

558 669 786 758 salve,
823 685 918 740 ne
968 657 1437 740 suffoc'areris
1486 665 1561 738 in
1613 665 1736 740 illo
1787 667 2151 762 profundo
2200 670 2516 768 gurgite,
2551 676 2742 745 sovr’
2760 694 2912 746 esso

568 790 853 878 Gm‘on,
889 786 1097 881 idest,
1136 805 1362 880 super
1410 785 1631 860 dorso
1681 785 2059 884 GeryoniS,
2096 809 2247 883 quo
2280 791 2568 864 nullum
2608 799 2719 867 est
2760 800 2914 868 ter—

560 906 837 980 ribilius
905 913 1349 1000 monstrum,
1401 906 1687 979 nullum
1757 907 2126 1003 potentius
2188 909 2263 982 in
2324 909 2647 1005 infern03
2716 912 2757 956 *
2789 915 2908 985 che

554 1018 726 1120 sard
776 1047 940 1118 ora,
983 1045 1182 1100 nunc
1233 1025 1305 1098 in
1357 1026 1494 1098 isto
1546 1026 1750 1122 igne,
1805 1028 1926 1099 che
1974 1048 2105 1100 son
2148 1023 2273 1121 piic
2315 1050 2562 1122 presso
2613 1052 2663 1103 a
2710 1035 2907 1105 Dio?

562 1147 773 1240 quasi
808 1147 997 1222 dicat
1037 1147 1255 1242 longe
1294 1145 1579 1240 melius,
1614 1145 1835 1221 idest:
1873 1147 1933 1221 si
1974 1147 2163 1223 traxi
2193 1155 2266 1223 te
2299 1150 2392 1224 de
2426 1150 2709 1226 inferno
2735 1150 2775 1194 *
2803 1145 2904 1247 ζ’),

559 1286 692 1362 per
742 1267 988 1342 omnia
1037 1286 1314 1363 genera
1364 1266 1761 1360 fraudium,
1799 1274 2077 1361 quanto
2112 1269 2347 1366 magis
2381 1291 2580 1345 nunc
2615 1279 2688 1347 te
2722 1293 2903 1366 pur-

558 1392 816 1482 gatum
849 1408 1001 1488 *per
1051 1386 1299 1461 omnia
1349 1407 1625 1483 genera
1678 1386 2026 1461 vitiorum
2077 1407 2340 1463 eruam
2376 1390 2469 1466 de
2503 1390 2673 1487 igne
2724 1414 2905 1489 pur-

558 1506 874 1603 gatorii?
924 1508 1011 1579 Et
1076 1506 1462 1581 confirmat
1527 1506 1801 1581 dictum
1867 1528 2090 1581 suum
2154 1527 2288 1603 per
2350 1511 2903 1606 experientiam,

558 1625 842 1701 dicens:
895 1628 1090 1699 credi
1129 1648 1263 1719 per
1312 1634 1500 1701 cerco
1532 1629 1676 1719 ebe,
1710 1648 1785 1699 se
1825 1630 2023 1701 stessi
2059 1629 2188 1700 ben
2227 1631 2409 1702 mille
2448 1634 2623 1703 anni
2653 1632 2902 1703 deruro

558 1747 675 1818 ale
703 1749 894 1836 alvo,
944 1745 1149 1840 idest,
1204 1752 1564 1841 ventrem,
1614 1749 1691 1823 di
1722 1754 1961 1838 questa
1988 1750 2308 1839 flamma,
2344 1769 2572 1842 quam
2611 1756 2895 1823 tantum

556 1865 1073 1960 perhorrescis,
1127 1885 1270 1940 non
1319 1867 1371 1937 ti
1408 1866 1738 1958 potrebbe
1770 1869 1898 1959 sar
1939 1868 2010 1938 εἴ
2035 1887 2132 1940 απ
2180 1871 2380 1960 capel
2425 1871 2652 1959 calvO,
2696 1868 2900 1960 idest,

555 1984 923 2080 privatum
960 1993 1034 2060 et
1067 1984 1553 2080 diminutum3
1608 1992 1683 2060 et
1716 1992 1827 2060 est
1858 1986 2156 2082 propria
2197 1987 2505 2062 locutio:
2544 2009 2716 2062 nam
2751 1974 2924 2062 cal?

557 2104 814 2178 vitium
866 2113 1217 2180 causatur
1266 2127 1312 2180 a
1359 2106 1605 2181 calore
1641 2106 1980 2200 naturali,
2019 2113 2093 2182 et
2128 2107 2242 2182 hic
2276 2108 2603 2201 loquitur
2636 2109 2728 2184 de
2763 2109 2901 2183 isto

558 2222 726 2320 igne
778 2225 1163 2320 spirituali3
1215 2232 1291 2299 et
1341 2226 1479 2299 hoc
1513 2231 1623 2300 est
1656 2226 1830 2320 quia
1865 2226 2099 2301 virtus
2133 2227 2292 2302 eius
2343 2248 2490 2301 non
2542 2235 2893 2323 operatur

552 2343 629 2417 in
681 2347 1091 2440 materiato,
1125 2346 1254 2420 sed
1296 2346 1367 2418 in
1404 2346 1806 2421 substantia
1840 2346 2195 2441 spirituali
2220 2387 2319 2401 —
2344 2352 2411 2420 E
2438 2369 2531 2421 se.
2568 2349 2698 2424 Hic
2733 2349 2897 2423 Vir-

556 2463 773 2559 gilius
823 2464 1075 2539 invitat
1125 2471 1416 2560 poetam
1470 2465 1562 2540 ad
1621 2466 2150 2562 experientiam
2209 2466 2370 2541 eius
2434 2467 2634 2562 quod
2694 2469 2895 2564 dixit,

559 2581 843 2658 dicens:
880 2589 945 2656 E
985 2606 1060 2657 se
1109 2590 1179 2658 lu
1223 2589 1420 2679 forse
1466 2589 1659 2659 credi
1706 2588 1809 2659 elz'
1833 2589 1906 2659 io
1947 2589 1993 2659 ι’
2016 2590 2337 2678 inyanni,
2372 2587 2712 2685 fingendo
2756 2590 2897 2663 hoc

555 2701 647 2776 ad
699 2703 1281 2779 exhortationem
1334 2705 1440 2778 tui
1492 2705 1679 2779 sicut
1727 2705 2119 2799 aliquando
2182 2706 2342 2800 feci,
2401 2711 2563 2801 sacti
2611 2704 2733 2782 ver
2783 2711 2895 2798 lei,

554 2823 845 2918 scilicet,
912 2825 1313 2920 flammam,
1364 2848 1401 2898 e
1456 2830 1619 2921 fatti
1677 2829 1803 2919 far
1860 2829 2235 2920 eredenza,
2308 2826 2498 2901 sicut
2557 2827 2896 2902 timentes

554 2964 922 3019 venenum
960 2944 1205 3021 facere
1237 2948 1494 3041 solent,
1523 2948 1679 3022 sine
1711 2947 2133 3043 praeiudicio
2167 2955 2323 3042 tu0,
2357 2951 2531 3021 colle
2562 2954 2670 3021 lue
2702 2952 2903 3022 mani

557 3066 634 3136 al
665 3065 883 3137 lembo
922 3067 1028 3141 de’
1056 3068 1199 3138 tuoi
1223 3069 1479 3158 panni,
1514 3067 1642 3161 qui
1695 3074 1867 3141 sunt
1919 3067 2318 3162 materiati,
2354 3087 2528 3141 nam
2580 3067 2640 3140 si
2689 3067 2897 3163 ponis

554 3183 1095 3259 extremitatem
1162 3186 1631 3281 guarnachiae
1692 3193 1840 3260 tuae
1901 3186 2091 3261 intra
2154 3187 2374 3261 istum
2435 3186 2681 3284 ignem
2750 3207 2898 3260 non

552 3302 810 3399 perdet
856 3304 1116 3400 pilum,
1166 3304 1265 3379 ita
1328 3326 1465 3380 nec
1525 3327 1793 3403 corpus
1845 3313 2085 3381 tuum.
2140 3308 2228 3381 Et
2278 3307 2457 3402 petit
2515 3306 2896 3404 Virgilius:

551 3445 697 3515 pon
730 3420 851 3514 ρι’ΐι
883 3428 1099 3516 omai,
1119 3447 1268 3518 pon
1301 3421 1422 3518 yid
1455 3430 1623 3518 oym·
1655 3433 1994 3519 temenza,
2025 3434 2099 3502 et
2132 3448 2313 3524 cape
2345 3424 2616 3502 bonam
2651 3447 2893 3523 spem,

553 3545 794 3634 volyiti
847 3546 924 3615 in
988 3565 1156 3637 qua,
1197 3545 1356 3639 jam
1418 3545 1758 3640 Virgilius
1825 3546 2134 3642 parabat
2190 3547 2469 3621 intrare
2528 3548 2798 3644 ignem,
2860 3568 2899 3620 e

553 3664 734 3735 vieni
782 3666 958 3736 olcre
1005 3666 1265 3754 sicum,
1314 3663 1442 3738 sed
1491 3663 1762 3739 frustra
1814 3665 2203 3760 suadebat3
2257 3666 2420 3741 ideo
2459 3666 2668 3739 dicit:
2712 3674 2779 3740 el
2824 3669 2896 3739 io

543 3803 692 3875 pur
730 3787 987 3877 ferme,
1023 3784 1117 3857 du
1129 3805 1257 3857 rus
1292 3783 1367 3856 in
1415 3784 1784 3883 proposito
1817 3791 2119 3881 propter
2160 3786 2527 3879 timorem,
2570 3808 2607 3859 e
2644 3795 2896 3859 eontra

554 3904 964 3975 conscienza
978 3929 1009 3996 ,·
1057 3902 1232 3997 quia
1279 3903 1469 3979 bene
1502 3902 1847 3979 credebat
1890 3903 2273 4001 Virgilium
2316 3904 2562 3981 dicere
2607 3925 2893 4000 verum,

553 4020 680 4095 sed
731 4042 950 4116 poena
1002 4023 1422 4099 retrahebat
1481 4045 1573 4099 eu
1585 4045 1679 4097 m.
1734 4024 1824 4097 Et
1886 4025 2147 4099 ultimo
2207 4025 2517 4100 ostendit
2581 4026 2897 4120 qualiter

554 4140 893 4236 Virgilius
963 4150 1348 4237 tamquam
1415 4144 1655 4218 bonus
1730 4151 1983 4219 orator
2057 4144 2312 4220 fecerit
2370 4145 2895 4220 validissimum

550 4268 1106 4359 argumentum,
1142 4283 1293 4357 quo
1344 4265 1794 4360 expugnavit
1827 4263 2173 4340 duritiem
2211 4264 2388 4340 eiuS.
2435 4265 2639 4341 Unde
2686 4265 2897 4343 dicit:

557 4383 833 4465 Quand’
859 4387 924 4456 ei
973 4386 1070 4456 mi
1117 4386 1273 4457 vide
1320 4390 1474 4457 star
1518 4406 1660 4476 pur
1707 4388 1940 4478 fermo
1990 4407 2028 4458 e
2077 4389 2288 4478 dum,
2340 4385 2546 4481 idest,
2619 4387 2897 4464 inflexi-

680 4640 739 4702 (¹)
762 4641 837 4691 Le
868 4643 1047 4705 parole
1078 4642 1161 4695 fra
1191 4645 1210 4694 i
1244 4645 1345 4695 due
1376 4644 1641 4696 asterischi
1663 4658 1791 4698 sono
1811 4648 2035 4713 supputo
2067 4648 2150 4699 dai
2178 4648 2355 4701 codici
2386 4648 2687 4700 Strozziano
2716 4662 2747 4701 ο
2781 4653 2887 4701 117.
