3734 5567
1112 517 1389 572 currus
1437 518 1865 573 Tmensmus
1912 518 2235 572 manus,
2699 501 2840 569 287

495 666 703 759 idest,
731 669 1130 739 renovatus
1167 670 1436 756 mente,
1477 657 1539 736 si
1570 683 1761 736 come
1790 665 2032 755 piante
2072 664 2361 753 novelle,
2387 664 2849 735 rinnovellate

496 789 572 861 di
602 788 881 859 novella
905 786 1206 877 fronda,
1235 782 1424 857 sicut
1460 782 1736 856 dictum
1774 789 1886 857 est
1923 803 2149 877 supra
2183 782 2275 856 de
2319 782 2566 876 planta
2611 782 2851 857 scien-

499 905 618 978 tiae
665 904 861 999 honi,
913 903 1008 978 ad
1059 922 1287 998 quam
1333 902 1673 998 alligatus
1708 901 1845 974 fuit
1877 896 1948 993 (¹)
1989 922 2280 976 currus.
2319 902 2407 974 Et
2441 905 2614 976 nota
2649 901 2850 995 quod

497 1023 949 1121 comparatio
1000 1027 1110 1097 est
1162 1022 1693 1118 propriissima:
1748 1021 1937 1095 sicut
1972 1020 2168 1096 enim
2206 1021 2450 1114 planta
2492 1041 2660 1115 quae
2699 1027 2847 1096 ste-

500 1149 691 1218 terat
741 1142 948 1236 quasi
999 1141 1206 1217 arida
1257 1161 1391 1236 per
1442 1146 1680 1215 totum
1736 1147 2028 1235 tempus
2061 1139 2367 1235 hyemiS,
2406 1140 2846 1215 adveniente

500 1281 679 1336 vere
713 1260 1078 1336 reviviscit
1129 1266 1203 1335 et
1253 1259 1572 1335 efficitur
1623 1265 1775 1335 tota
1823 1261 2118 1354 pulcra3
2156 1260 2258 1333 ita
2293 1259 2541 1334 anima
2583 1265 2842 1355 poetae,

502 1401 670 1476 quae
719 1381 962 1455 fuerat
999 1381 1124 1455 diu
1159 1380 1432 1454 inutilis
1482 1380 1638 1455 sine
1687 1380 1960 1471 fructu,
1996 1400 2196 1453 nunc
2236 1379 2621 1476 incipiente
2664 1401 2843 1456 vere

505 1501 833 1576 refloruit
862 1499 957 1574 ad
994 1520 1259 1576 verum
1297 1499 1647 1573 fructum.
1683 1499 1889 1573 Unde
1928 1500 2130 1573 dicit:
2164 1521 2381 1592 puro,
2419 1500 2624 1595 idest,
2660 1521 2843 1595 pur-

501 1627 716 1718 gatus
766 1621 861 1695 ab
909 1620 1111 1696 omni
1164 1619 1501 1715 rubigine
1551 1620 1925 1713 vitiorum,
1961 1642 1999 1693 e
2038 1623 2343 1712 disposto
2380 1643 2427 1693 a
2461 1624 2677 1696 salire
2710 1624 2847 1694 alle

502 1744 713 1834 stelle,
758 1740 961 1834 idest,
998 1740 1090 1813 ad
1126 1739 1373 1832 coeloS,
1411 1739 1622 1833 quasi
1654 1739 1882 1813 dicat:
1935 1746 2149 1835 aptus
2199 1740 2294 1813 ab
2344 1740 2631 1815 actione
2669 1760 2841 1835 per·
2888 1784 2893 1790 -

503 1858 693 1934 fecta
754 1859 1114 1932 virtutum
1186 1857 1588 1934 ascendere
1657 1859 1752 1932 ad
1829 1859 2224 1953 perfectam
2287 1859 2846 1955 contemplatio-

504 1998 675 2086 nem
729 1978 1161 2074 coelestium,
1214 1978 1426 2052 cuius
1477 1978 1862 2074 participes
1925 1999 2057 2053 nos
2107 1979 2322 2053 saciat
2372 1980 2500 2072 qui
2552 1985 2844 2075 poetam

503 2097 741 2192 ipsum
794 2097 1035 2171 adhuc
1069 2097 1141 2170 in
1185 2117 1408 2172 carne
1449 2098 1818 2173 viventem
1854 2119 1987 2194 per
2030 2106 2179 2174 tam
2216 2098 2528 2173 arduam
2572 2097 2845 2174 scalam

501 2216 595 2291 ad
646 2237 727 2291 se
776 2236 1042 2311 rapere
1090 2216 1430 2312 dignatus
1479 2223 1610 2290 est.
1663 2216 1922 2293 Amen.

702 2405 1055 2472 Hactenus
1102 2403 1247 2492 ipse
1295 2421 1462 2473 suas
1511 2403 1656 2474 vidi
1701 2406 2074 2476 tolerantia
2117 2425 2368 2495 poenas

711 2522 1050 2610 Crimina,
1102 2527 1169 2592 et
1213 2524 1504 2613 afflictas
1553 2524 1793 2595 mediis
1840 2523 2255 2596 cruciatibus
2304 2526 2533 2596 almas

709 2641 1143 2712 concinuisse
1191 2647 1422 2713 tamen
1470 2647 1703 2731 yentes
1715 2667 1748 2735 ,·
1797 2662 1967 2714 nam
2017 2643 2317 2716 roborat
2359 2647 2519 2717 illas

715 2761 991 2832 Venturi
1036 2781 1193 2852 spes
1242 2763 1488 2853 quippe
1537 2761 2073 2853 boni.pacisque
2116 2766 2395 2855 fitturoe.

697 2884 825 2952 Est
868 2899 1069 2952 mons
1118 2883 1239 2971 qui
1285 2883 1501 2954 celsus
1553 2888 1789 2954 ventos
1839 2887 2213 2957 contemnit
2257 2890 2322 2957 et
2365 2886 2619 2958 imbres

617 3093 622 3099 ⁴
698 3003 856 3071 Ima
905 3006 1132 3073 tenent
1175 3021 1443 3092 seynes,
1489 3004 1742 3093 primis
1790 3003 2145 3075 radicibus
2192 3010 2445 3077 errant

700 3126 792 3193 At
819 3120 1010 3211 juqa
1053 3141 1187 3212 per
1234 3130 1486 3213 septem
1534 3124 1908 3212 cinyuntur
1955 3124 2030 3195 in
2082 3126 2333 3197 ordine
2381 3145 2603 3216 gyros

703 3242 979 3329 Purqat
1023 3242 1307 3331 quisque
1352 3260 1541 3332 suos,
1596 3261 1867 3313 summo
1914 3244 2041 3314 sed
2088 3244 2380 3316 culmine
2428 3265 2715 3319 currum

698 3360 911 3429 Milite
959 3377 1113 3430 cum
1161 3379 1374 3446 sacro
1424 3362 1759 3452 conspexi
1806 3366 1873 3433 et
1918 3364 2212 3452 mystica
2258 3365 2513 3456 signa,-

704 3480 818 3547 Me
863 3497 1049 3549 nunc
1097 3484 1299 3550 astra
1346 3487 1600 3552 vocant
1641 3482 1836 3553 sedes
1886 3490 1952 3555 et
1994 3502 2223 3573 reyna
2273 3483 2563 3557 beatum.

654 3661 957 3757 Explicit
987 3654 1061 3753 (²)
1115 3674 1208 3738 24
1258 3664 1666 3741 decembris
1723 3676 1935 3741 1409.

630 3893 688 3956 (¹)
718 3893 781 3944 E.
813 3893 1000 3945 suerat.

505 3965 701 4095 MR
718 3969 779 4020 E.
810 3970 1032 4035 Explicit
1064 3975 1365 4023 comeatum
1396 3974 1629 4037 magistri
1657 3973 1975 4025 Beneveuuti
2005 3974 2071 4025 do
2093 3974 2280 4025 Ymola
2299 3989 2457 4040 nuper
2478 3977 2843 4042 Purgatorium

1325 4271 1515 4325 Flms
1563 4273 2024 4329 PURGATORII.
