3734 5567
834 473 974 541 330
1614 481 2024 536 coMEN'rUM
2074 481 2408 534 PAnAmsi

830 635 1069 725 questi,
1102 630 1392 724 scilicet,
1421 629 1625 723 orde,
1663 625 1702 702 ὁ
1734 634 2140 721 permotore
2172 631 2285 700 nei
2315 648 2442 700 cor
2475 629 2781 720 mortali,
2829 626 3003 721 quia
3038 647 3165 701 cor

829 752 1212 826 hominum
1266 756 1376 825 est
1427 769 1715 843 semper
1765 749 1839 821 in
1893 754 2125 842 motu,
2161 755 2236 822 et
2271 753 2566 842 praestat
2600 753 2888 821 motum
2932 747 3168 821 omni-

829 872 969 946 bus
1019 869 1370 946 membris
1420 873 1494 943 et
1542 867 1836 942 animali
1890 867 2295 942 secundum
2360 867 2576 940 istum
2648 866 2979 941 ordinem
3041 889 3171 942 na-

828 993 1170 1085 turalem,
1207 1010 1357 1083 quo
1393 992 1597 1062 motu
1635 994 1969 1063 cessante
2008 995 2253 1064 cessat.
2286 987 2469 1081 vita3
2506 994 2808 1062 movent
2839 980 2914 1080 (¹)
2948 988 3167 1063 etiam

832 1114 1055 1188 corda
1083 1111 1461 1186 hominum
1492 1114 1575 1181 ut
1601 1109 2035 1184 naturaliter
2059 1114 2404 1204 appetant
2438 1130 2815 1182 summum
2851 1109 3167 1202 honum3

830 1235 1070 1326 questi,
1121 1229 1410 1321 scilicet,
1462 1228 1668 1322 ordo,
1718 1231 1983 1320 stm‘nye
2030 1236 2097 1302 et
2142 1231 2383 1302 adana
2435 1230 2508 1301 la
2559 1236 2756 1301 terra
2801 1231 2878 1302 in
2925 1222 3017 1316 33¹,
3063 1229 3169 1303 Ad

831 1352 1025 1447 quod
1051 1354 1157 1423 est
1182 1348 1556 1423 sciendum
1588 1348 1784 1442 quod
1811 1349 2174 1423 elementa
2204 1348 2545 1423 inferiora
2584 1353 2754 1423 sunt
2788 1349 2974 1423 sicut
3011 1370 3169 1423 ma-

830 1471 1010 1545 teria
1063 1477 1394 1564 respectu
1441 1469 1933 1564 superiorum,
1977 1477 2050 1543 et
2091 1469 2471 1564 superiora
2513 1477 2684 1545 sunt
2728 1471 3061 1546 formalia
3092 1464 3163 1566 (²)

827 1595 900 1664 et
932 1590 1326 1685 spiritualia
1365 1596 1699 1686 respectu
1735 1590 2208 1685 inferiorum,
2245 1590 2408 1665 ideo
2444 1591 2680 1666 multo
2705 1592 2870 1686 plus
2898 1594 3168 1668 habent

824 1709 918 1804 de
968 1710 1128 1785 loco
1180 1730 1404 1804 quam
1462 1710 1845 1785 inferiora:
1913 1711 2107 1785 unde
2174 1711 2357 1809 ignis
2423 1711 3042 1807 spiritualissimus
3091 1722 3167 1789 et

824 1831 1336 1905 subtilissimus
1388 1851 1786 1926 corporum
1842 1831 2093 1926 implet
2146 1837 2383 1906 totum
2426 1851 2833 1908 concavum
2874 1835 3060 1928 coeli,
3097 1840 3171 1908 et

824 1971 956 2025 aer
1027 1952 1268 2024 minus
1336 1951 1727 2046 spiritualis
1791 1951 2046 2046 implet
2113 1972 2555 2027 concavum·
2595 1954 2838 2027 minus
2902 1954 3169 2028 scilicet

824 2070 1042 2167 ignis:
1096 2091 1227 2145 aer
1292 2070 1588 2164 quidem
1660 2070 1883 2145 habet
1947 2072 2334 2145 humidum
2405 2073 2640 2148 fluens
2668 2063 2741 2165 (³)
2811 2081 3022 2148 extra
3091 2093 3171 2149 se

826 2193 1062 2288 ipsum
1115 2191 1209 2265 ad
1263 2190 1539 2264 siccum
1594 2190 1813 2286 ignis;
1865 2190 1991 2264 sed
2050 2211 2246 2286 aqua
2302 2193 2701 2268 materialis
2758 2193 2969 2268 valde
3020 2214 3167 2266 non

823 2317 1061 2407 potest
1112 2310 1485 2405 complere
1536 2310 1778 2383 locum
1832 2310 2142 2385 alicuius
2193 2315 2518 2408 concavi,
2570 2334 2740 2388 cum
2780 2314 3164 2387 humidum

824 2431 985 2508 eius
1036 2431 1215 2504 fluat
1264 2430 1340 2503 in
1390 2450 1469 2504 se
1521 2430 1757 2525 ipsum
1826 2436 1900 2504 et
1961 2431 2065 2505 sic
2121 2432 2579 2508 contrahitur
2645 2433 2952 2508 materia
3012 2432 3169 2508 eius

823 2552 898 2626 in
950 2552 1374 2645 quantitate.
1429 2552 1656 2625 Terra
1707 2559 1959 2626 autem
2006 2554 2587 2628 materialissima
2622 2554 3011 2628 minimum
3047 2575 3171 2629 ca-

823 2672 925 2769 pit
958 2673 1229 2766 locum,
1266 2677 1341 2746 et
1374 2671 1537 2746 ideo
1573 2678 1817 2766 partes
1866 2672 2027 2746 eius
2068 2674 2519 2748 contendunt
2570 2673 2643 2747 in
2697 2679 3035 2748 centrum
3095 2681 3170 2749 et

823 2792 1319 2887 comprimunt
1369 2811 1449 2865 se
1500 2791 1694 2866 circa
1746 2792 2027 2886 ipsum3
2072 2792 2235 2866 ideo
2277 2801 2576 2888 propter
2620 2794 2735 2867 sui
2786 2794 3163 2868 minimam

823 2914 1305 3008 quantitatem
1362 2918 1513 2986 tota
1568 2918 1767 2986 terra
1803 2910 2067 2985 dicitur
2101 2917 2442 2986 centrum
2482 2914 2703 2987 totius
2738 2933 2971 3009 sperae
3004 2914 3169 2988 coeli

823 3040 898 3109 et
948 3034 1224 3108 mundi.
1275 3032 1363 3106 Et
1412 3031 1608 3106 addit
1658 3039 1881 3106 autor
1931 3032 2127 3126 quod
2181 3053 2326 3106 non
2378 3035 2617 3107 solum
2674 3036 2808 3110 ista
2860 3055 3166 3130 corpora

826 3155 1185 3228 naturalia
1236 3152 1354 3226 hic
1403 3153 1586 3244 ordo
1636 3151 1970 3247 disponit,
2007 3152 2133 3226 sed
2176 3153 2401 3227 etiam
2447 3155 2851 3249 rationalia,
2886 3155 3167 3230 dicens:

699 3363 708 3372 ἡ
822 3269 914 3346 ne*
947 3293 1092 3364 pur
1143 3279 1377 3364 questo
1427 3291 1627 3364 arcO,
1698 3272 1902 3366 idest,
1969 3272 2176 3367 orde,
2228 3279 2301 3347 et
2364 3274 2555 3348 bene
2620 3282 2835 3349 vocat
2884 3296 3169 3368 arcum,

822 3392 995 3486 quia
1049 3391 1292 3487 dirigit
1340 3392 1587 3467 omnia
1623 3392 1698 3465 in
1750 3392 1970 3466 finem
2015 3414 2261 3487 suum,
2298 3393 2486 3468 sicut
2519 3396 2797 3493 sagipta
2833 3396 3171 3493 dirigitur

821 3514 895 3586 in
950 3512 1242 3609 signum
1295 3512 1388 3585 ab
1438 3532 1621 3586 arcu
1674 3513 2123 3610 sagiptantiS,
2179 3521 2427 3607 saeua,
2482 3515 2684 3610 idest,
2721 3515 2989 3613 dirigit,
3024 3536 3170 3589 non

818 3653 959 3726 pur
1010 3635 1071 3705 le
1119 3637 1438 3705 creature
1487 3635 1606 3705 che
1653 3653 1785 3705 son
1837 3637 2012 3728 suor
2060 3635 2130 3705 α’
2154 3636 2644 3729 intelliyenzia,
2702 3634 2891 3710 sicut
2949 3636 3169 3709 bruta

823 3773 991 3846 quae
1042 3758 1214 3826 sunt
1263 3758 1475 3827 extra
1527 3753 1916 3847 rationem,
1967 3773 2086 3825 ma
2146 3756 2385 3848 quelle,
2443 3754 2735 3850 scilicet,
2789 3762 3169 3830 creaturas

821 3873 1086 3970 dirigit,
1123 3874 1242 3946 che
1273 3874 1510 3947 hanno
1543 3875 1861 3947 intellecto
1896 3895 1934 3946 e
1965 3894 2237 3965 amore,
2273 3873 2461 3948 sicut
2495 3876 2797 3971 angelos
2832 3882 2908 3950 et
2932 3876 3169 3949 homi-

823 4015 972 4069 nes,
1000 4034 1099 4048 —
1127 3997 1228 4066 La
1267 3996 1755 4087 providenzia.
1808 3994 2019 4068 Nunc
2070 3995 2335 4071 Dantes
2394 4015 2486 4069 ex
2540 3997 2929 4091 praemissis
2980 3997 3170 4071 elicit

819 4136 1034 4189 suam
1107 4114 1645 4189 conclusionem
1724 4113 2212 4209 principaliter
2282 4115 2659 4190 intentam.
2731 4118 2903 4190 Vult
2970 4118 3167 4190 enim

821 4233 1237 4308 conclusive
1303 4234 1547 4309 dicere
1614 4233 1812 4327 quod
1889 4234 2340 4329 providentia
2419 4234 2661 4310 divina
2739 4257 2907 4330 quae
2974 4235 3170 4311 dedit

821 4353 1153 4428 ordinem
1206 4355 1563 4449 optimum
1619 4354 1962 4428 omnibus
2015 4355 2237 4430 rebus
2289 4357 2744 4431 naturalibus
2808 4356 3169 4432 ordinavit

946 4610 1000 4673 (¹)
1033 4610 1095 4661 E.
1129 4615 1303 4661 movet
1334 4612 1507 4662 etiam.
1761 4609 1816 4674 (¹)
1849 4613 1912 4664 E.
1946 4612 2239 4664 formative.
2493 4613 2547 4676 (⁸)
2579 4618 2625 4674 4,
2660 4613 2882 4665 fervens.
