<?xml version="1.0" encoding="UTF-8"?>
<!DOCTYPE html PUBLIC "-//W3C//DTD XHTML 1.0 Transitional//EN"
    "http://www.w3.org/TR/xhtml1/DTD/xhtml1-transitional.dtd">
<html xmlns="http://www.w3.org/1999/xhtml" xml:lang="en" lang="en">
 <head>
  <title>
</title>
<meta http-equiv="Content-Type" content="text/html;charset=utf-8" />
  <meta name='ocr-system' content='tesseract 3.04.00' />
  <meta name='ocr-capabilities' content='ocr_page ocr_carea ocr_par ocr_line ocrx_word'/>
</head>
<body>
  <div class='ocr_page' id='page_1' title='image "benevenutideram02lacagoog_0173.png"; bbox 0 0 3734 5567; ppageno 0'>
   <div class='ocr_carea' id='block_1_1' title="bbox 1134 498 2853 566">
    <p class='ocr_par' dir='ltr' id='par_1_1' title="bbox 1134 498 2853 566">
     <span class='ocr_line' id='line_1_1' title="bbox 1134 498 2853 566; baseline 0 -2"><span class='ocrx_word' id='word_1_1' title='bbox 1134 508 1411 564; x_wconf 72' lang='lat' dir='ltr'><strong>CANTUS</strong></span> <span class='ocrx_word' id='word_1_2' title='bbox 1461 510 1846 565; x_wconf 78' lang='lat' dir='ltr'><strong>vleEsnuus</strong></span> <span class='ocrx_word' id='word_1_3' title='bbox 1896 510 2237 566; x_wconf 71' lang='lat' dir='ltr'><strong>ocuvus,</strong></span> <span class='ocrx_word' id='word_1_4' title='bbox 2717 498 2853 564; x_wconf 82' lang='lat'><strong>163</strong></span> 
     </span>
    </p>
   </div>
   <div class='ocr_carea' id='block_1_2' title="bbox 507 653 2878 4464">
    <p class='ocr_par' dir='ltr' id='par_1_2' title="bbox 507 653 2878 4464">
     <span class='ocr_line' id='line_1_2' title="bbox 508 653 2856 749; baseline 0 -22"><span class='ocrx_word' id='word_1_5' title='bbox 508 653 708 728; x_wconf 83' lang='lat' dir='ltr'><strong>venti</strong></span> <span class='ocrx_word' id='word_1_6' title='bbox 757 653 896 727; x_wconf 91' lang='lat' dir='ltr'><strong>sint</strong></span> <span class='ocrx_word' id='word_1_7' title='bbox 947 654 1190 728; x_wconf 88' lang='lat' dir='ltr'><strong>flaturi</strong></span> <span class='ocrx_word' id='word_1_8' title='bbox 1243 673 1376 749; x_wconf 89' lang='lat' dir='ltr'><strong>per</strong></span> <span class='ocrx_word' id='word_1_9' title='bbox 1428 654 1806 727; x_wconf 89' lang='lat' dir='ltr'><strong>triduum:</strong></span> <span class='ocrx_word' id='word_1_10' title='bbox 1862 655 2059 728; x_wconf 89' lang='lat' dir='ltr'><strong>unde</strong></span> <span class='ocrx_word' id='word_1_11' title='bbox 2107 654 2385 728; x_wconf 87' lang='lat' dir='ltr'><strong>dictum</strong></span> <span class='ocrx_word' id='word_1_12' title='bbox 2439 664 2549 730; x_wconf 90' lang='lat' dir='ltr'><strong>est</strong></span> <span class='ocrx_word' id='word_1_13' title='bbox 2600 660 2856 729; x_wconf 87' lang='lat' dir='ltr'><strong>ventos</strong></span> 
     </span>
     <span class='ocr_line' id='line_1_3' title="bbox 507 762 2860 870; baseline -0.001 -22"><span class='ocrx_word' id='word_1_14' title='bbox 507 775 838 870; x_wconf 89' lang='lat' dir='ltr'><strong>paruisse</strong></span> <span class='ocrx_word' id='word_1_15' title='bbox 888 774 1088 847; x_wconf 90' lang='grc' dir='ltr'>ΕοΙο.</span> <span class='ocrx_word' id='word_1_16' title='bbox 1142 773 1318 848; x_wconf 83' lang='lat' dir='ltr'><strong>Aliae</strong></span> <span class='ocrx_word' id='word_1_17' title='bbox 1370 782 1693 868; x_wconf 91' lang='lat' dir='ltr'><strong>quatuor</strong></span> <span class='ocrx_word' id='word_1_18' title='bbox 1743 781 1914 848; x_wconf 89' lang='lat' dir='ltr'><strong>sunt</strong></span> <span class='ocrx_word' id='word_1_19' title='bbox 1951 762 2250 850; x_wconf 85' lang='lat' dir='ltr'><strong>minoris</strong></span> <span class='ocrx_word' id='word_1_20' title='bbox 2284 775 2524 869; x_wconf 85' lang='lat' dir='ltr'><strong>famae,</strong></span> <span class='ocrx_word' id='word_1_21' title='bbox 2559 774 2653 849; x_wconf 89' lang='lat' dir='ltr'><strong>de</strong></span> <span class='ocrx_word' id='word_1_22' title='bbox 2692 774 2860 867; x_wconf 92' lang='lat' dir='ltr'><strong>qui-</strong></span> 
     </span>
     <span class='ocr_line' id='line_1_4' title="bbox 509 893 2858 991; baseline -0 -23"><span class='ocrx_word' id='word_1_23' title='bbox 509 893 905 968; x_wconf 31' lang='lat' dir='ltr'><strong>husvetiam</strong></span> <span class='ocrx_word' id='word_1_24' title='bbox 943 893 1270 987; x_wconf 88' lang='lat' dir='ltr'><strong>loquitur</strong></span> <span class='ocrx_word' id='word_1_25' title='bbox 1304 894 1701 968; x_wconf 80' lang='lat' dir='ltr'><strong>Martianus</strong></span> <span class='ocrx_word' id='word_1_26' title='bbox 1738 895 2049 991; x_wconf 79' lang='lat' dir='ltr'><strong>Capella.</strong></span> <span class='ocrx_word' id='word_1_27' title='bbox 2088 895 2412 969; x_wconf 88' lang='lat' dir='ltr'><strong>Justinus</strong></span> <span class='ocrx_word' id='word_1_28' title='bbox 2447 914 2629 970; x_wconf 86' lang='lat' dir='ltr'><strong>vero</strong></span> <span class='ocrx_word' id='word_1_29' title='bbox 2665 894 2858 987; x_wconf 87' lang='lat' dir='ltr'><strong>dicit,</strong></span> 
     </span>
     <span class='ocr_line' id='line_1_5' title="bbox 512 1013 2860 1112; baseline 0 -24"><span class='ocrx_word' id='word_1_30' title='bbox 512 1015 708 1108; x_wconf 91' lang='lat' dir='ltr'><strong>quod</strong></span> <span class='ocrx_word' id='word_1_31' title='bbox 757 1015 978 1089; x_wconf 88' lang='lat' dir='ltr'><strong>Eolus</strong></span> <span class='ocrx_word' id='word_1_32' title='bbox 1028 1013 1364 1089; x_wconf 79' lang='lat' dir='ltr'><strong>extinctis</strong></span> <span class='ocrx_word' id='word_1_33' title='bbox 1404 1015 1834 1111; x_wconf 87' lang='lat' dir='ltr'><strong>Cyclopibus</strong></span> <span class='ocrx_word' id='word_1_34' title='bbox 1888 1037 2205 1112; x_wconf 91' lang='lat' dir='ltr'><strong>regnum</strong></span> <span class='ocrx_word' id='word_1_35' title='bbox 2242 1015 2498 1090; x_wconf 83' lang='lat' dir='ltr'><strong>Siciliae</strong></span> <span class='ocrx_word' id='word_1_36' title='bbox 2540 1035 2860 1109; x_wconf 93' lang='lat' dir='ltr'><strong>occupa-</strong></span> 
     </span>
     <span class='ocr_line' id='line_1_6' title="bbox 516 1124 2858 1231; baseline -0.001 -23"><span class='ocrx_word' id='word_1_37' title='bbox 516 1135 616 1208; x_wconf 87' lang='lat' dir='ltr'><strong>vit</strong></span> <span class='ocrx_word' id='word_1_38' title='bbox 649 1141 891 1209; x_wconf 90' lang='lat' dir='ltr'><strong>etc.—</strong></span> <span class='ocrx_word' id='word_1_39' title='bbox 905 1124 1056 1207; x_wconf 75' lang='lat' dir='ltr'><strong>Gid.</strong></span> <span class='ocrx_word' id='word_1_40' title='bbox 1079 1134 1210 1209; x_wconf 91' lang='lat' dir='ltr'><strong>Hic</strong></span> <span class='ocrx_word' id='word_1_41' title='bbox 1235 1142 1448 1228; x_wconf 87' lang='lat' dir='ltr'><strong>poeta</strong></span> <span class='ocrx_word' id='word_1_42' title='bbox 1477 1135 1817 1209; x_wconf 80' lang='lat' dir='ltr'>describit</span> <span class='ocrx_word' id='word_1_43' title='bbox 1844 1152 2119 1229; x_wconf 91' lang='lat' dir='ltr'><strong>aquam</strong></span> <span class='ocrx_word' id='word_1_44' title='bbox 2156 1135 2590 1231; x_wconf 79' lang='lat' dir='ltr'><strong>irrigantem</strong></span> <span class='ocrx_word' id='word_1_45' title='bbox 2637 1134 2858 1208; x_wconf 88' lang='lat' dir='ltr'><strong>istum</strong></span> 
     </span>
     <span class='ocr_line' id='line_1_7' title="bbox 514 1254 2859 1350; baseline -0 -21"><span class='ocrx_word' id='word_1_46' title='bbox 514 1255 990 1329; x_wconf 88' lang='lat' dir='ltr'><strong>amoenissum</strong></span> <span class='ocrx_word' id='word_1_47' title='bbox 1029 1256 1353 1330; x_wconf 90' lang='lat' dir='ltr'><strong>hortum.</strong></span> <span class='ocrx_word' id='word_1_48' title='bbox 1391 1256 1478 1328; x_wconf 92' lang='lat' dir='ltr'><strong>Et</strong></span> <span class='ocrx_word' id='word_1_49' title='bbox 1513 1255 1751 1350; x_wconf 92' lang='lat' dir='ltr'><strong>primo</strong></span> <span class='ocrx_word' id='word_1_50' title='bbox 1785 1255 2221 1331; x_wconf 87' lang='lat' dir='ltr'><strong>continuans</strong></span> <span class='ocrx_word' id='word_1_51' title='bbox 2270 1276 2372 1350; x_wconf 88' lang='lat' dir='ltr'><strong>se,</strong></span> <span class='ocrx_word' id='word_1_52' title='bbox 2415 1256 2606 1349; x_wconf 88' lang='lat' dir='ltr'><strong>dicit,</strong></span> <span class='ocrx_word' id='word_1_53' title='bbox 2662 1254 2859 1348; x_wconf 92' lang='lat' dir='ltr'><strong>quod</strong></span> 
     </span>
     <span class='ocr_line' id='line_1_8' title="bbox 515 1369 2862 1471; baseline -0.001 -22"><span class='ocrx_word' id='word_1_54' title='bbox 515 1394 684 1449; x_wconf 90' lang='lat' dir='ltr'><strong>cum</strong></span> <span class='ocrx_word' id='word_1_55' title='bbox 737 1382 928 1449; x_wconf 89' lang='lat' dir='ltr'><strong>esset</strong></span> <span class='ocrx_word' id='word_1_56' title='bbox 977 1375 1149 1449; x_wconf 88' lang='lat' dir='ltr'><strong>satis</strong></span> <span class='ocrx_word' id='word_1_57' title='bbox 1200 1377 1586 1471; x_wconf 79' lang='lat' dir='ltr'><strong>elongatus</strong></span> <span class='ocrx_word' id='word_1_58' title='bbox 1635 1397 1680 1450; x_wconf 92' lang='lat' dir='ltr'><strong>a</strong></span> <span class='ocrx_word' id='word_1_59' title='bbox 1734 1375 1891 1470; x_wconf 92' lang='lat' dir='ltr'><strong>ripa</strong></span> <span class='ocrx_word' id='word_1_60' title='bbox 1944 1375 2217 1471; x_wconf 92' lang='lat' dir='ltr'><strong>reperit</strong></span> <span class='ocrx_word' id='word_1_61' title='bbox 2268 1369 2579 1449; x_wconf 83' lang='lat' dir='ltr'><strong>fluvium</strong></span> <span class='ocrx_word' id='word_1_62' title='bbox 2631 1375 2862 1448; x_wconf 88' lang='lat' dir='ltr'><strong>inter·</strong></span> 
     </span>
     <span class='ocr_line' id='line_1_9' title="bbox 517 1494 2861 1590; baseline 0 -24"><span class='ocrx_word' id='word_1_63' title='bbox 517 1501 982 1590; x_wconf 89' lang='lat' dir='ltr'><strong>rumpentem</strong></span> <span class='ocrx_word' id='word_1_64' title='bbox 1035 1516 1258 1568; x_wconf 89' lang='lat' dir='ltr'><strong>suum</strong></span> <span class='ocrx_word' id='word_1_65' title='bbox 1312 1495 1451 1569; x_wconf 91' lang='lat' dir='ltr'><strong>iter</strong></span> <span class='ocrx_word' id='word_1_66' title='bbox 1487 1500 1797 1568; x_wconf 89' lang='lat' dir='ltr'><strong>rectum.</strong></span> <span class='ocrx_word' id='word_1_67' title='bbox 1836 1495 2043 1569; x_wconf 93' lang='lat' dir='ltr'><strong>Unde</strong></span> <span class='ocrx_word' id='word_1_68' title='bbox 2093 1494 2301 1569; x_wconf 90' lang='lat' dir='ltr'><strong>dicit:</strong></span> <span class='ocrx_word' id='word_1_69' title='bbox 2354 1498 2401 1567; x_wconf 95' lang='lat' dir='ltr'><em>I</em></span> <span class='ocrx_word' id='word_1_70' title='bbox 2445 1498 2605 1568; x_wconf 81' lang='lat' dir='ltr'><strong>lenti</strong></span> <span class='ocrx_word' id='word_1_71' title='bbox 2632 1498 2861 1587; x_wconf 80' lang='lat' dir='ltr'><strong>passi,</strong></span> 
     </span>
     <span class='ocr_line' id='line_1_10' title="bbox 516 1605 2863 1709; baseline 0 -23"><span class='ocrx_word' id='word_1_72' title='bbox 516 1614 723 1707; x_wconf 89' lang='lat' dir='ltr'><strong>quasi</strong></span> <span class='ocrx_word' id='word_1_73' title='bbox 773 1614 1003 1689; x_wconf 88' lang='lat' dir='ltr'><strong>dicat:</strong></span> <span class='ocrx_word' id='word_1_74' title='bbox 1040 1614 1210 1688; x_wconf 88' lang='lat' dir='ltr'><strong>licet</strong></span> <span class='ocrx_word' id='word_1_75' title='bbox 1242 1614 1660 1689; x_wconf 86' lang='lat' dir='ltr'><strong>incederem</strong></span> <span class='ocrx_word' id='word_1_76' title='bbox 1711 1616 1932 1709; x_wconf 91' lang='lat' dir='ltr'><strong>lente,</strong></span> <span class='ocrx_word' id='word_1_77' title='bbox 1967 1605 2089 1706; x_wconf 71' lang='lat' dir='ltr'><strong>yid</strong></span> <span class='ocrx_word' id='word_1_78' title='bbox 2139 1617 2229 1687; x_wconf 88' lang='lat' dir='ltr'><strong>m&#39;</strong></span> <span class='ocrx_word' id='word_1_79' title='bbox 2256 1636 2485 1687; x_wconf 83' lang='lat' dir='ltr'><strong>avean</strong></span> <span class='ocrx_word' id='word_1_80' title='bbox 2537 1622 2863 1707; x_wconf 48' lang='lat' dir='ltr'><strong>transpor-</strong></span> 
     </span>
     <span class='ocr_line' id='line_1_11' title="bbox 516 1733 2861 1830; baseline 0.001 -24"><span class='ocrx_word' id='word_1_81' title='bbox 516 1741 684 1825; x_wconf 74' lang='lat' dir='ltr'><strong>tata,</strong></span> <span class='ocrx_word' id='word_1_82' title='bbox 719 1733 921 1828; x_wconf 88' lang='lat' dir='ltr'><strong>idest,</strong></span> <span class='ocrx_word' id='word_1_83' title='bbox 958 1739 1635 1829; x_wconf 86' lang='lat' dir='ltr'><strong>transportaverant</strong></span> <span class='ocrx_word' id='word_1_84' title='bbox 1670 1753 1791 1808; x_wconf 91' lang='lat' dir='ltr'><strong>me</strong></span> <span class='ocrx_word' id='word_1_85' title='bbox 1824 1754 2001 1807; x_wconf 91' lang='lat' dir='ltr'><strong>cum</strong></span> <span class='ocrx_word' id='word_1_86' title='bbox 2041 1755 2305 1830; x_wconf 92' lang='lat' dir='ltr'><strong>magna</strong></span> <span class='ocrx_word' id='word_1_87' title='bbox 2357 1734 2861 1827; x_wconf 85' lang='lat' dir='ltr'><strong>delectatione,</strong></span> 
     </span>
     <span class='ocr_line' id='line_1_12' title="bbox 516 1854 2862 1950; baseline 0 -23"><span class='ocrx_word' id='word_1_88' title='bbox 516 1854 712 1948; x_wconf 89' lang='lat' dir='ltr'><strong>quod</strong></span> <span class='ocrx_word' id='word_1_89' title='bbox 770 1875 916 1929; x_wconf 93' lang='lat' dir='ltr'><strong>non</strong></span> <span class='ocrx_word' id='word_1_90' title='bbox 977 1854 1531 1950; x_wconf 89' lang='lat' dir='ltr'><strong>perpenderam,</strong></span> <span class='ocrx_word' id='word_1_91' title='bbox 1595 1857 1843 1927; x_wconf 79' lang='lat' dir='ltr'><strong>dentro</strong></span> <span class='ocrx_word' id='word_1_92' title='bbox 1919 1857 2065 1927; x_wconf 83' lang='lat' dir='ltr'><strong>alla</strong></span> <span class='ocrx_word' id='word_1_93' title='bbox 2131 1857 2323 1927; x_wconf 79' lang='lat' dir='ltr'><strong>selva</strong></span> <span class='ocrx_word' id='word_1_94' title='bbox 2385 1857 2647 1945; x_wconf 78' lang='lat' dir='ltr'><strong>antica,</strong></span> <span class='ocrx_word' id='word_1_95' title='bbox 2711 1875 2862 1947; x_wconf 92' lang='lat' dir='ltr'><strong>qua</strong></span> 
     </span>
     <span class='ocr_line' id='line_1_13' title="bbox 515 1969 2865 2070; baseline 0 -25"><span class='ocrx_word' id='word_1_96' title='bbox 515 1969 715 2046; x_wconf 90' lang='lat' dir='ltr'><strong>nulla</strong></span> <span class='ocrx_word' id='word_1_97' title='bbox 766 1978 875 2047; x_wconf 91' lang='lat' dir='ltr'><strong>est</strong></span> <span class='ocrx_word' id='word_1_98' title='bbox 922 1973 1313 2068; x_wconf 86' lang='lat' dir='ltr'><strong>antiquior,</strong></span> <span class='ocrx_word' id='word_1_99' title='bbox 1351 1973 1525 2068; x_wconf 90' lang='lat' dir='ltr'><strong>quia</strong></span> <span class='ocrx_word' id='word_1_100' title='bbox 1561 1973 1657 2046; x_wconf 92' lang='lat' dir='ltr'><strong>ibi</strong></span> <span class='ocrx_word' id='word_1_101' title='bbox 1708 1973 1921 2068; x_wconf 91' lang='lat' dir='ltr'><strong>positi</strong></span> <span class='ocrx_word' id='word_1_102' title='bbox 1972 1974 2276 2048; x_wconf 86' lang='lat' dir='ltr'><strong>fuerunt</strong></span> <span class='ocrx_word' id='word_1_103' title='bbox 2325 1974 2540 2070; x_wconf 91' lang='lat' dir='ltr'><strong>primi</strong></span> <span class='ocrx_word' id='word_1_104' title='bbox 2594 1969 2865 2068; x_wconf 80' lang='lat' dir='ltr'><strong>paren-&#39;</strong></span> 
     </span>
     <span class='ocr_line' id='line_1_14' title="bbox 519 2094 2858 2185; baseline 0 -21"><span class='ocrx_word' id='word_1_105' title='bbox 519 2098 647 2185; x_wconf 81' lang='lat' dir='ltr'><strong>teS,</strong></span> <span class='ocrx_word' id='word_1_106' title='bbox 719 2099 938 2185; x_wconf 77' lang='lat' dir='ltr'><strong>tanto,</strong></span> <span class='ocrx_word' id='word_1_107' title='bbox 1011 2094 1112 2165; x_wconf 68' lang='lat' dir='ltr'><strong>clt’</strong></span> <span class='ocrx_word' id='word_1_108' title='bbox 1147 2096 1218 2166; x_wconf 85' lang='lat' dir='ltr'><strong>io</strong></span> <span class='ocrx_word' id='word_1_109' title='bbox 1277 2112 1421 2165; x_wconf 80' lang='lat' dir='ltr'><strong>non</strong></span> <span class='ocrx_word' id='word_1_110' title='bbox 1479 2101 1689 2185; x_wconf 78' lang='lat' dir='ltr'><strong>polea</strong></span> <span class='ocrx_word' id='word_1_111' title='bbox 1746 2096 2028 2166; x_wconf 73' lang='lat' dir='ltr'><strong>n‘veder</strong></span> <span class='ocrx_word' id='word_1_112' title='bbox 2088 2096 2250 2167; x_wconf 74' lang='lat' dir='ltr'><strong>ond’</strong></span> <span class='ocrx_word' id='word_1_113' title='bbox 2283 2096 2355 2166; x_wconf 81' lang='lat' dir='ltr'><strong>io</strong></span> <span class='ocrx_word' id='word_1_114' title='bbox 2416 2096 2505 2165; x_wconf 87' lang='lat' dir='ltr'><strong>m’</strong></span> <span class='ocrx_word' id='word_1_115' title='bbox 2531 2096 2858 2185; x_wconf 80' lang='lat' dir='ltr'><strong>entrassi,</strong></span> 
     </span>
     <span class='ocr_line' id='line_1_15' title="bbox 517 2211 2862 2307; baseline 0 -22"><span class='ocrx_word' id='word_1_116' title='bbox 517 2211 809 2306; x_wconf 87' lang='lat' dir='ltr'><strong>quando</strong></span> <span class='ocrx_word' id='word_1_117' title='bbox 861 2234 906 2286; x_wconf 98' lang='lat' dir='ltr'><strong>a</strong></span> <span class='ocrx_word' id='word_1_118' title='bbox 958 2212 1308 2307; x_wconf 90' lang='lat' dir='ltr'><strong>principio</strong></span> <span class='ocrx_word' id='word_1_119' title='bbox 1361 2212 1628 2286; x_wconf 89' lang='lat' dir='ltr'><strong>recessi</strong></span> <span class='ocrx_word' id='word_1_120' title='bbox 1679 2234 1724 2287; x_wconf 93' lang='lat' dir='ltr'><strong>a</strong></span> <span class='ocrx_word' id='word_1_121' title='bbox 1776 2212 1973 2307; x_wconf 89' lang='lat' dir='ltr'><strong>ripa:</strong></span> <span class='ocrx_word' id='word_1_122' title='bbox 2028 2216 2115 2286; x_wconf 86' lang='lat' dir='ltr'><strong>ed</strong></span> <span class='ocrx_word' id='word_1_123' title='bbox 2164 2234 2320 2285; x_wconf 83' lang='lat' dir='ltr'><strong>ecco</strong></span> <span class='ocrx_word' id='word_1_124' title='bbox 2370 2234 2465 2287; x_wconf 81' lang='lat' dir='ltr'><strong>un</strong></span> <span class='ocrx_word' id='word_1_125' title='bbox 2506 2216 2648 2303; x_wconf 83' lang='lat' dir='ltr'><strong>ri0,</strong></span> <span class='ocrx_word' id='word_1_126' title='bbox 2687 2230 2862 2306; x_wconf 92' lang='lat' dir='ltr'><strong>pro-</strong></span> 
     </span>
     <span class='ocr_line' id='line_1_16' title="bbox 519 2323 2866 2426; baseline 0 -22"><span class='ocrx_word' id='word_1_127' title='bbox 519 2332 783 2405; x_wconf 85' lang='lat' dir='ltr'><strong>fundus</strong></span> <span class='ocrx_word' id='word_1_128' title='bbox 834 2340 908 2406; x_wconf 92' lang='lat' dir='ltr'><strong>et</strong></span> <span class='ocrx_word' id='word_1_129' title='bbox 957 2339 1207 2406; x_wconf 89' lang='lat' dir='ltr'><strong>arctus</strong></span> <span class='ocrx_word' id='word_1_130' title='bbox 1239 2323 1312 2423; x_wconf 74' lang='lat'><strong>(¹)</strong></span> <span class='ocrx_word' id='word_1_131' title='bbox 1356 2331 1749 2405; x_wconf 90' lang='lat' dir='ltr'><strong>latitudinis</strong></span> <span class='ocrx_word' id='word_1_132' title='bbox 1802 2332 2026 2405; x_wconf 91' lang='lat' dir='ltr'><strong>trium</strong></span> <span class='ocrx_word' id='word_1_133' title='bbox 2082 2353 2457 2426; x_wconf 86' lang='lat' dir='ltr'><strong>passuum,</strong></span> <span class='ocrx_word' id='word_1_134' title='bbox 2497 2339 2580 2405; x_wconf 91' lang='lat' dir='ltr'><strong>ut</strong></span> <span class='ocrx_word' id='word_1_135' title='bbox 2617 2338 2866 2426; x_wconf 88' lang='lat' dir='ltr'><strong>postea</strong></span> 
     </span>
     <span class='ocr_line' id='line_1_17' title="bbox 520 2443 2866 2547; baseline -0 -22"><span class='ocrx_word' id='word_1_136' title='bbox 520 2452 826 2527; x_wconf 88' lang='lat' dir='ltr'><strong>dicetur.</strong></span> <span class='ocrx_word' id='word_1_137' title='bbox 879 2453 1010 2525; x_wconf 90' lang='lat' dir='ltr'><strong>Hic</strong></span> <span class='ocrx_word' id='word_1_138' title='bbox 1059 2458 1312 2526; x_wconf 89' lang='lat' dir='ltr'><strong>autem</strong></span> <span class='ocrx_word' id='word_1_139' title='bbox 1368 2458 1528 2526; x_wconf 88' lang='lat' dir='ltr'><strong>erat</strong></span> <span class='ocrx_word' id='word_1_140' title='bbox 1578 2452 1844 2527; x_wconf 84' lang='lat' dir='ltr'><strong>fluvius</strong></span> <span class='ocrx_word' id='word_1_141' title='bbox 1909 2453 2247 2526; x_wconf 83' lang='lat' dir='ltr'><strong>Lethaeus</strong></span> <span class='ocrx_word' id='word_1_142' title='bbox 2313 2453 2439 2545; x_wconf 91' lang='lat' dir='ltr'><strong>qui</strong></span> <span class='ocrx_word' id='word_1_143' title='bbox 2504 2451 2760 2547; x_wconf 85' lang='lat' dir='ltr'><strong>irrigat</strong></span> <span class='ocrx_word' id='word_1_144' title='bbox 2792 2443 2866 2543; x_wconf 76' lang='lat'><strong>(²)</strong></span> 
     </span>
     <span class='ocr_line' id='line_1_18' title="bbox 523 2562 2869 2668; baseline 0.001 -25"><span class='ocrx_word' id='word_1_145' title='bbox 523 2572 741 2645; x_wconf 89' lang='lat' dir='ltr'><strong>istum</strong></span> <span class='ocrx_word' id='word_1_146' title='bbox 794 2573 1091 2646; x_wconf 91' lang='lat' dir='ltr'><strong>hortum</strong></span> <span class='ocrx_word' id='word_1_147' title='bbox 1145 2592 1240 2646; x_wconf 80' lang='lat' dir='ltr'><strong>ex</strong></span> <span class='ocrx_word' id='word_1_148' title='bbox 1303 2593 1449 2646; x_wconf 88' lang='lat' dir='ltr'><strong>una</strong></span> <span class='ocrx_word' id='word_1_149' title='bbox 1517 2562 1765 2668; x_wconf 62' lang='lat' dir='ltr'><strong>parte,</strong></span> <span class='ocrx_word' id='word_1_150' title='bbox 1822 2593 1991 2647; x_wconf 92' lang='lat' dir='ltr'><strong>nam</strong></span> <span class='ocrx_word' id='word_1_151' title='bbox 2055 2591 2149 2645; x_wconf 80' lang='lat' dir='ltr'><strong>ex</strong></span> <span class='ocrx_word' id='word_1_152' title='bbox 2212 2573 2354 2646; x_wconf 88' lang='lat' dir='ltr'><strong>alia</strong></span> <span class='ocrx_word' id='word_1_153' title='bbox 2422 2577 2530 2647; x_wconf 91' lang='lat' dir='ltr'><strong>est</strong></span> <span class='ocrx_word' id='word_1_154' title='bbox 2599 2572 2869 2645; x_wconf 84' lang='lat' dir='ltr'><strong>fluvius</strong></span> 
     </span>
     <span class='ocr_line' id='line_1_19' title="bbox 522 2692 2869 2788; baseline -0.001 -22"><span class='ocrx_word' id='word_1_155' title='bbox 522 2692 890 2786; x_wconf 89' lang='lat' dir='ltr'><strong>oppositus</strong></span> <span class='ocrx_word' id='word_1_156' title='bbox 939 2693 1076 2786; x_wconf 86' lang='lat' dir='ltr'><strong>isti,</strong></span> <span class='ocrx_word' id='word_1_157' title='bbox 1113 2693 1240 2786; x_wconf 92' lang='lat' dir='ltr'><strong>qui</strong></span> <span class='ocrx_word' id='word_1_158' title='bbox 1290 2692 1549 2788; x_wconf 89' lang='lat' dir='ltr'><strong>irrigat</strong></span> <span class='ocrx_word' id='word_1_159' title='bbox 1581 2693 1801 2767; x_wconf 90' lang='lat' dir='ltr'><strong>aliam</strong></span> <span class='ocrx_word' id='word_1_160' title='bbox 1839 2699 2166 2786; x_wconf 85' lang='lat' dir='ltr'><strong>partem3</strong></span> <span class='ocrx_word' id='word_1_161' title='bbox 2209 2696 2307 2765; x_wconf 83' lang='lat' dir='ltr'><strong>mi</strong></span> <span class='ocrx_word' id='word_1_162' title='bbox 2346 2695 2512 2765; x_wconf 77' lang='lat' dir='ltr'><strong>colse</strong></span> <span class='ocrx_word' id='word_1_163' title='bbox 2562 2694 2606 2764; x_wconf 86' lang='lat' dir='ltr'><strong>l’</strong></span> <span class='ocrx_word' id='word_1_164' title='bbox 2627 2695 2869 2765; x_wconf 80' lang='lat' dir='ltr'><strong>andar</strong></span> 
     </span>
     <span class='ocr_line' id='line_1_20' title="bbox 510 2807 2870 2909; baseline 0 -23"><span class='ocrx_word' id='word_1_165' title='bbox 510 2807 662 2904; x_wconf 61' lang='lat' dir='ltr'><strong>pist,</strong></span> <span class='ocrx_word' id='word_1_166' title='bbox 700 2812 903 2907; x_wconf 87' lang='lat' dir='ltr'><strong>idest,</strong></span> <span class='ocrx_word' id='word_1_167' title='bbox 934 2814 1336 2909; x_wconf 90' lang='lat' dir='ltr'><strong>procedere</strong></span> <span class='ocrx_word' id='word_1_168' title='bbox 1372 2813 1679 2887; x_wconf 89' lang='lat' dir='ltr'><strong>ulterius</strong></span> <span class='ocrx_word' id='word_1_169' title='bbox 1714 2833 1846 2908; x_wconf 88' lang='lat' dir='ltr'><strong>per</strong></span> <span class='ocrx_word' id='word_1_170' title='bbox 1884 2813 2021 2886; x_wconf 90' lang='lat' dir='ltr'><strong>iter</strong></span> <span class='ocrx_word' id='word_1_171' title='bbox 2062 2813 2508 2906; x_wconf 83' lang='lat' dir='ltr'><strong>incoeptum3</strong></span> <span class='ocrx_word' id='word_1_172' title='bbox 2538 2811 2701 2886; x_wconf 90' lang='lat' dir='ltr'><strong>ideo</strong></span> <span class='ocrx_word' id='word_1_173' title='bbox 2735 2812 2870 2886; x_wconf 93' lang='lat' dir='ltr'><strong>do-</strong></span> 
     </span>
     <span class='ocr_line' id='line_1_21' title="bbox 523 2931 2871 3027; baseline -0 -23"><span class='ocrx_word' id='word_1_174' title='bbox 523 2932 740 3027; x_wconf 91' lang='lat' dir='ltr'><strong>mina,</strong></span> <span class='ocrx_word' id='word_1_175' title='bbox 795 2953 1020 3026; x_wconf 90' lang='lat' dir='ltr'><strong>quam</strong></span> <span class='ocrx_word' id='word_1_176' title='bbox 1075 2932 1397 3007; x_wconf 88' lang='lat' dir='ltr'><strong>inveniet</strong></span> <span class='ocrx_word' id='word_1_177' title='bbox 1444 2933 1712 3027; x_wconf 88' lang='lat' dir='ltr'><strong>statim,</strong></span> <span class='ocrx_word' id='word_1_178' title='bbox 1766 2932 1985 3006; x_wconf 91' lang='lat' dir='ltr'><strong>ducet</strong></span> <span class='ocrx_word' id='word_1_179' title='bbox 2036 2952 2210 3006; x_wconf 91' lang='lat' dir='ltr'><strong>eum</strong></span> <span class='ocrx_word' id='word_1_180' title='bbox 2264 2952 2397 3025; x_wconf 91' lang='lat' dir='ltr'><strong>per</strong></span> <span class='ocrx_word' id='word_1_181' title='bbox 2449 2931 2683 3025; x_wconf 87' lang='lat' dir='ltr'><strong>ripam</strong></span> <span class='ocrx_word' id='word_1_182' title='bbox 2728 2932 2871 3005; x_wconf 88' lang='lat' dir='ltr'><strong>ssu-</strong></span> 
     </span>
     <span class='ocr_line' id='line_1_22' title="bbox 525 3052 2869 3150; baseline 0 -26"><span class='ocrx_word' id='word_1_183' title='bbox 525 3052 734 3126; x_wconf 88' lang='lat' dir='ltr'><strong>minis</strong></span> <span class='ocrx_word' id='word_1_184' title='bbox 768 3053 1002 3128; x_wconf 92' lang='lat' dir='ltr'><strong>donec</strong></span> <span class='ocrx_word' id='word_1_185' title='bbox 1037 3059 1326 3150; x_wconf 89' lang='lat' dir='ltr'><strong>merget</strong></span> <span class='ocrx_word' id='word_1_186' title='bbox 1360 3074 1534 3127; x_wconf 90' lang='lat' dir='ltr'><strong>eum</strong></span> <span class='ocrx_word' id='word_1_187' title='bbox 1574 3054 1647 3126; x_wconf 92' lang='lat' dir='ltr'><strong>in</strong></span> <span class='ocrx_word' id='word_1_188' title='bbox 1687 3072 1987 3146; x_wconf 91' lang='lat' dir='ltr'><strong>aquam,</strong></span> <span class='ocrx_word' id='word_1_189' title='bbox 2025 3058 2098 3126; x_wconf 91' lang='lat' dir='ltr'><strong>et</strong></span> <span class='ocrx_word' id='word_1_190' title='bbox 2133 3052 2657 3146; x_wconf 87' lang='lat' dir='ltr'><strong>transportabit</strong></span> <span class='ocrx_word' id='word_1_191' title='bbox 2693 3072 2869 3126; x_wconf 89' lang='lat' dir='ltr'><strong>eum</strong></span> 
     </span>
     <span class='ocr_line' id='line_1_23' title="bbox 524 3172 2871 3267; baseline 0 -21"><span class='ocrx_word' id='word_1_192' title='bbox 524 3174 736 3247; x_wconf 88' lang='lat' dir='ltr'><strong>ultra.</strong></span> <span class='ocrx_word' id='word_1_193' title='bbox 789 3174 877 3246; x_wconf 89' lang='lat' dir='ltr'><strong>Et</strong></span> <span class='ocrx_word' id='word_1_194' title='bbox 927 3173 1170 3247; x_wconf 86' lang='lat' dir='ltr'><strong>subdit</strong></span> <span class='ocrx_word' id='word_1_195' title='bbox 1221 3174 1704 3248; x_wconf 83' lang='lat' dir='ltr'><strong>excellentem</strong></span> <span class='ocrx_word' id='word_1_196' title='bbox 1758 3172 2321 3267; x_wconf 87' lang='lat' dir='ltr'><strong>pulcritudinem</strong></span> <span class='ocrx_word' id='word_1_197' title='bbox 2390 3172 2598 3246; x_wconf 91' lang='lat' dir='ltr'><strong>istius</strong></span> <span class='ocrx_word' id='word_1_198' title='bbox 2656 3193 2871 3265; x_wconf 83' lang='lat' dir='ltr'><strong>aquae</strong></span> 
     </span>
     <span class='ocr_line' id='line_1_24' title="bbox 524 3292 2873 3392; baseline -0.001 -25"><span class='ocrx_word' id='word_1_199' title='bbox 524 3313 656 3388; x_wconf 92' lang='lat' dir='ltr'><strong>per</strong></span> <span class='ocrx_word' id='word_1_200' title='bbox 704 3293 1360 3392; x_wconf 89' lang='lat' dir='ltr'><strong>comparationem</strong></span> <span class='ocrx_word' id='word_1_201' title='bbox 1380 3294 1681 3387; x_wconf 88' lang='lat' dir='ltr'><strong>claram,</strong></span> <span class='ocrx_word' id='word_1_202' title='bbox 1734 3292 2019 3366; x_wconf 89' lang='lat' dir='ltr'><strong>dicens:</strong></span> <span class='ocrx_word' id='word_1_203' title='bbox 2056 3299 2215 3365; x_wconf 79' lang='lat' dir='ltr'><strong>tutte</strong></span> <span class='ocrx_word' id='word_1_204' title='bbox 2265 3294 2309 3364; x_wconf 86' lang='lat' dir='ltr'><strong>l&#39;</strong></span> <span class='ocrx_word' id='word_1_205' title='bbox 2335 3312 2552 3383; x_wconf 80' lang='lat' dir='ltr'><strong>acque</strong></span> <span class='ocrx_word' id='word_1_206' title='bbox 2589 3293 2710 3363; x_wconf 74' lang='lat' dir='ltr'><strong>che</strong></span> <span class='ocrx_word' id='word_1_207' title='bbox 2739 3312 2873 3365; x_wconf 78' lang='lat' dir='ltr'><strong>son</strong></span> 
     </span>
     <span class='ocr_line' id='line_1_25' title="bbox 524 3403 2875 3506; baseline -0.001 -20"><span class='ocrx_word' id='word_1_208' title='bbox 524 3417 598 3487; x_wconf 84' lang='lat' dir='ltr'><strong>di</strong></span> <span class='ocrx_word' id='word_1_209' title='bbox 645 3432 812 3504; x_wconf 85' lang='lat' dir='ltr'><strong>qua,</strong></span> <span class='ocrx_word' id='word_1_210' title='bbox 862 3413 937 3486; x_wconf 95' lang='lat' dir='ltr'><strong>in</strong></span> <span class='ocrx_word' id='word_1_211' title='bbox 966 3403 1040 3505; x_wconf 79' lang='lat'><strong>(³)</strong></span> <span class='ocrx_word' id='word_1_212' title='bbox 1092 3418 1344 3487; x_wconf 90' lang='lat' dir='ltr'><strong>nostro</strong></span> <span class='ocrx_word' id='word_1_213' title='bbox 1397 3411 1698 3506; x_wconf 91' lang='lat' dir='ltr'><strong>mundo,</strong></span> <span class='ocrx_word' id='word_1_214' title='bbox 1744 3408 1868 3504; x_wconf 69' lang='lat' dir='ltr'><strong>piel</strong></span> <span class='ocrx_word' id='word_1_215' title='bbox 1918 3414 2196 3502; x_wconf 80' lang='lat' dir='ltr'><strong>monde,</strong></span> <span class='ocrx_word' id='word_1_216' title='bbox 2237 3410 2448 3504; x_wconf 88' lang='lat' dir='ltr'><strong>sicut,</strong></span> <span class='ocrx_word' id='word_1_217' title='bbox 2498 3432 2693 3505; x_wconf 87' lang='lat' dir='ltr'><strong>aqua</strong></span> <span class='ocrx_word' id='word_1_218' title='bbox 2753 3410 2875 3484; x_wconf 90' lang='lat' dir='ltr'><strong>Ti-</strong></span> 
     </span>
     <span class='ocr_line' id='line_1_26' title="bbox 527 3530 2873 3626; baseline -0.002 -20"><span class='ocrx_word' id='word_1_219' title='bbox 527 3532 668 3606; x_wconf 91' lang='lat' dir='ltr'><strong>cini</strong></span> <span class='ocrx_word' id='word_1_220' title='bbox 717 3532 911 3626; x_wconf 89' lang='lat' dir='ltr'><strong>apud</strong></span> <span class='ocrx_word' id='word_1_221' title='bbox 962 3532 1285 3626; x_wconf 90' lang='lat' dir='ltr'><strong>Papiam,</strong></span> <span class='ocrx_word' id='word_1_222' title='bbox 1336 3538 1410 3605; x_wconf 91' lang='lat' dir='ltr'><strong>et</strong></span> <span class='ocrx_word' id='word_1_223' title='bbox 1460 3552 1658 3625; x_wconf 87' lang='lat' dir='ltr'><strong>aqua</strong></span> <span class='ocrx_word' id='word_1_224' title='bbox 1708 3531 1974 3606; x_wconf 90' lang='lat' dir='ltr'><strong>Benaci</strong></span> <span class='ocrx_word' id='word_1_225' title='bbox 2011 3530 2206 3625; x_wconf 90' lang='lat' dir='ltr'><strong>apud</strong></span> <span class='ocrx_word' id='word_1_226' title='bbox 2248 3532 2641 3623; x_wconf 89' lang='lat' dir='ltr'><strong>Veronam,</strong></span> <span class='ocrx_word' id='word_1_227' title='bbox 2685 3551 2873 3623; x_wconf 85' lang='lat' dir='ltr'><strong>par-</strong></span> 
     </span>
     <span class='ocr_line' id='line_1_27' title="bbox 526 3649 2872 3751; baseline -0.001 -26"><span class='ocrx_word' id='word_1_228' title='bbox 526 3654 725 3725; x_wconf 75' lang='lat' dir='ltr'><strong>m‘eno</strong></span> <span class='ocrx_word' id='word_1_229' title='bbox 790 3672 1000 3726; x_wconf 83' lang='lat' dir='ltr'><strong>avere</strong></span> <span class='ocrx_word' id='word_1_230' title='bbox 1055 3655 1132 3724; x_wconf 78' lang='lat' dir='ltr'><strong>in</strong></span> <span class='ocrx_word' id='word_1_231' title='bbox 1188 3674 1264 3724; x_wconf 79' lang='lat' dir='ltr'><strong>se</strong></span> <span class='ocrx_word' id='word_1_232' title='bbox 1328 3654 1624 3724; x_wconf 78' lang='lat' dir='ltr'><strong>mistura</strong></span> <span class='ocrx_word' id='word_1_233' title='bbox 1689 3654 1973 3741; x_wconf 80' lang='lat' dir='ltr'><strong>alcuna,</strong></span> <span class='ocrx_word' id='word_1_234' title='bbox 2043 3649 2249 3744; x_wconf 89' lang='lat' dir='ltr'><strong>idest,</strong></span> <span class='ocrx_word' id='word_1_235' title='bbox 2320 3650 2872 3751; x_wconf 86' lang='lat' dir='ltr'><strong>turbulentiam,</strong></span> 
     </span>
     <span class='ocr_line' id='line_1_28' title="bbox 528 3768 2875 3869; baseline 0 -25"><span class='ocrx_word' id='word_1_236' title='bbox 528 3793 731 3845; x_wconf 79' lang='lat' dir='ltr'><strong>verso</strong></span> <span class='ocrx_word' id='word_1_237' title='bbox 791 3775 866 3845; x_wconf 84' lang='lat' dir='ltr'><strong>di</strong></span> <span class='ocrx_word' id='word_1_238' title='bbox 923 3775 1176 3869; x_wconf 83' lang='lat' dir='ltr'><strong>quella,</strong></span> <span class='ocrx_word' id='word_1_239' title='bbox 1243 3770 1450 3865; x_wconf 90' lang='lat' dir='ltr'><strong>idest,</strong></span> <span class='ocrx_word' id='word_1_240' title='bbox 1510 3771 1584 3842; x_wconf 91' lang='lat' dir='ltr'><strong>in</strong></span> <span class='ocrx_word' id='word_1_241' title='bbox 1657 3769 2205 3864; x_wconf 91' lang='lat' dir='ltr'><strong>comparatione</strong></span> <span class='ocrx_word' id='word_1_242' title='bbox 2263 3768 2356 3842; x_wconf 89' lang='lat' dir='ltr'><strong>ad</strong></span> <span class='ocrx_word' id='word_1_243' title='bbox 2420 3789 2692 3862; x_wconf 90' lang='lat' dir='ltr'><strong>aquam</strong></span> <span class='ocrx_word' id='word_1_244' title='bbox 2769 3771 2875 3844; x_wconf 91' lang='lat' dir='ltr'><strong>le·</strong></span> 
     </span>
     <span class='ocr_line' id='line_1_29' title="bbox 528 3888 2876 3984; baseline -0.002 -20"><span class='ocrx_word' id='word_1_245' title='bbox 528 3893 817 3967; x_wconf 85' lang='lat' dir='ltr'><strong>thaeam.</strong></span> <span class='ocrx_word' id='word_1_246' title='bbox 871 3892 961 3965; x_wconf 88' lang='lat' dir='ltr'><strong>Et</strong></span> <span class='ocrx_word' id='word_1_247' title='bbox 1007 3891 1197 3965; x_wconf 89' lang='lat' dir='ltr'><strong>bene</strong></span> <span class='ocrx_word' id='word_1_248' title='bbox 1247 3890 1419 3965; x_wconf 88' lang='lat' dir='ltr'><strong>dicit</strong></span> <span class='ocrx_word' id='word_1_249' title='bbox 1467 3896 1681 3984; x_wconf 88' lang='lat' dir='ltr'><strong>poeta</strong></span> <span class='ocrx_word' id='word_1_250' title='bbox 1735 3889 1933 3982; x_wconf 91' lang='lat' dir='ltr'><strong>quod</strong></span> <span class='ocrx_word' id='word_1_251' title='bbox 1967 3888 2056 3961; x_wconf 91' lang='lat' dir='ltr'><strong>sit</strong></span> <span class='ocrx_word' id='word_1_252' title='bbox 2092 3894 2241 3963; x_wconf 90' lang='lat' dir='ltr'><strong>tam</strong></span> <span class='ocrx_word' id='word_1_253' title='bbox 2278 3888 2563 3962; x_wconf 92' lang='lat' dir='ltr'><strong>sincera</strong></span> <span class='ocrx_word' id='word_1_254' title='bbox 2597 3894 2673 3962; x_wconf 92' lang='lat' dir='ltr'><strong>et</strong></span> <span class='ocrx_word' id='word_1_255' title='bbox 2707 3888 2876 3961; x_wconf 89' lang='lat' dir='ltr'><strong>lim·</strong></span> 
     </span>
     <span class='ocr_line' id='line_1_30' title="bbox 534 4006 2877 4107; baseline -0.003 -22"><span class='ocrx_word' id='word_1_256' title='bbox 534 4012 715 4107; x_wconf 89' lang='lat' dir='ltr'><strong>pida,</strong></span> <span class='ocrx_word' id='word_1_257' title='bbox 771 4011 942 4104; x_wconf 90' lang='lat' dir='ltr'><strong>quia</strong></span> <span class='ocrx_word' id='word_1_258' title='bbox 993 4031 1188 4104; x_wconf 88' lang='lat' dir='ltr'><strong>aqua</strong></span> <span class='ocrx_word' id='word_1_259' title='bbox 1243 4009 1616 4083; x_wconf 91' lang='lat' dir='ltr'><strong>mundana</strong></span> <span class='ocrx_word' id='word_1_260' title='bbox 1676 4029 1825 4083; x_wconf 88' lang='lat' dir='ltr'><strong>non</strong></span> <span class='ocrx_word' id='word_1_261' title='bbox 1876 4009 2072 4082; x_wconf 87' lang='lat' dir='ltr'><strong>lavat</strong></span> <span class='ocrx_word' id='word_1_262' title='bbox 2123 4007 2256 4081; x_wconf 89' lang='lat' dir='ltr'><strong>nisi</strong></span> <span class='ocrx_word' id='word_1_263' title='bbox 2286 4006 2561 4081; x_wconf 75' lang='lat' dir='ltr'><strong>sordes</strong></span> <span class='ocrx_word' id='word_1_264' title='bbox 2612 4026 2877 4101; x_wconf 88' lang='lat' dir='ltr'><strong>corpo-</strong></span> 
     </span>
     <span class='ocr_line' id='line_1_31' title="bbox 534 4128 2876 4226; baseline -0.001 -22"><span class='ocrx_word' id='word_1_265' title='bbox 534 4153 725 4226; x_wconf 91' lang='lat' dir='ltr'><strong>rum,</strong></span> <span class='ocrx_word' id='word_1_266' title='bbox 796 4131 930 4206; x_wconf 89' lang='lat' dir='ltr'><strong>ista</strong></span> <span class='ocrx_word' id='word_1_267' title='bbox 989 4150 1173 4205; x_wconf 83' lang='lat' dir='ltr'><strong>vero</strong></span> <span class='ocrx_word' id='word_1_268' title='bbox 1231 4129 1483 4204; x_wconf 91' lang='lat' dir='ltr'><strong>sordes</strong></span> <span class='ocrx_word' id='word_1_269' title='bbox 1546 4128 1993 4222; x_wconf 90' lang='lat' dir='ltr'><strong>animarum,</strong></span> <span class='ocrx_word' id='word_1_270' title='bbox 2060 4131 2179 4201; x_wconf 74' lang='lat' dir='ltr'><strong>che</strong></span> <span class='ocrx_word' id='word_1_271' title='bbox 2237 4130 2432 4200; x_wconf 80' lang='lat' dir='ltr'><strong>nulla</strong></span> <span class='ocrx_word' id='word_1_272' title='bbox 2495 4131 2876 4221; x_wconf 77' lang='lat' dir='ltr'><strong>nascende,</strong></span> 
     </span>
     <span class='ocr_line' id='line_1_32' title="bbox 533 4247 2878 4350; baseline -0 -26"><span class='ocrx_word' id='word_1_273' title='bbox 533 4250 704 4344; x_wconf 88' lang='lat' dir='ltr'><strong>quia</strong></span> <span class='ocrx_word' id='word_1_274' title='bbox 755 4269 981 4350; x_wconf 85' lang='lat' dir='ltr'><strong>parva</strong></span> <span class='ocrx_word' id='word_1_275' title='bbox 1033 4250 1311 4324; x_wconf 85' lang='lat' dir='ltr'><strong>festuca</strong></span> <span class='ocrx_word' id='word_1_276' title='bbox 1363 4254 1605 4344; x_wconf 90' lang='lat' dir='ltr'><strong>posset</strong></span> <span class='ocrx_word' id='word_1_277' title='bbox 1638 4248 1869 4323; x_wconf 86' lang='lat' dir='ltr'><strong>videri</strong></span> <span class='ocrx_word' id='word_1_278' title='bbox 1911 4248 1984 4321; x_wconf 92' lang='lat' dir='ltr'><strong>in</strong></span> <span class='ocrx_word' id='word_1_279' title='bbox 2021 4248 2246 4322; x_wconf 82' lang='lat' dir='ltr'><strong>fundo</strong></span> <span class='ocrx_word' id='word_1_280' title='bbox 2282 4247 2463 4343; x_wconf 82' lang='lat' dir='ltr'><strong>eiuS,</strong></span> <span class='ocrx_word' id='word_1_281' title='bbox 2501 4255 2576 4323; x_wconf 93' lang='lat' dir='ltr'><strong>et</strong></span> <span class='ocrx_word' id='word_1_282' title='bbox 2628 4256 2878 4323; x_wconf 87' lang='lat' dir='ltr'><strong>tamen</strong></span> 
     </span>
     <span class='ocr_line' id='line_1_33' title="bbox 531 4369 2875 4464; baseline -0.001 -20"><span class='ocrx_word' id='word_1_283' title='bbox 531 4372 670 4445; x_wconf 88' lang='lat' dir='ltr'><strong>boc</strong></span> <span class='ocrx_word' id='word_1_284' title='bbox 721 4370 1011 4445; x_wconf 85' lang='lat' dir='ltr'><strong>videtur</strong></span> <span class='ocrx_word' id='word_1_285' title='bbox 1065 4369 1398 4444; x_wconf 88' lang='lat' dir='ltr'><strong>mirabile</strong></span> <span class='ocrx_word' id='word_1_286' title='bbox 1446 4389 1623 4442; x_wconf 92' lang='lat' dir='ltr'><strong>cum</strong></span> <span class='ocrx_word' id='word_1_287' title='bbox 1676 4369 1766 4442; x_wconf 88' lang='lat' dir='ltr'><strong>sit</strong></span> <span class='ocrx_word' id='word_1_288' title='bbox 1807 4375 1960 4443; x_wconf 86' lang='lat' dir='ltr'><strong>tota</strong></span> <span class='ocrx_word' id='word_1_289' title='bbox 2004 4375 2391 4464; x_wconf 85' lang='lat' dir='ltr'><strong>cooperta3</strong></span> <span class='ocrx_word' id='word_1_290' title='bbox 2437 4370 2632 4444; x_wconf 91' lang='lat' dir='ltr'><strong>unde</strong></span> <span class='ocrx_word' id='word_1_291' title='bbox 2664 4369 2875 4444; x_wconf 85' lang='lat' dir='ltr'><strong>dicit:</strong></span> 
     </span>
    </p>
   </div>
   <div class='ocr_carea' id='block_1_3' title="bbox 659 4620 2847 4692">
    <p class='ocr_par' dir='ltr' id='par_1_3' title="bbox 659 4620 2847 4692">
     <span class='ocr_line' id='line_1_34' title="bbox 659 4620 2847 4692; baseline 0 -15"><span class='ocrx_word' id='word_1_292' title='bbox 659 4624 716 4690; x_wconf 89' lang='lat'><strong>(¹)</strong></span> <span class='ocrx_word' id='word_1_293' title='bbox 748 4620 810 4677; x_wconf 74' lang='lat' dir='ltr'><strong>E.</strong></span> <span class='ocrx_word' id='word_1_294' title='bbox 843 4626 995 4678; x_wconf 77' lang='lat' dir='ltr'><strong>altus.</strong></span> <span class='ocrx_word' id='word_1_295' title='bbox 1244 4624 1302 4690; x_wconf 79' lang='lat'><strong>(²)</strong></span> <span class='ocrx_word' id='word_1_296' title='bbox 1333 4626 1397 4677; x_wconf 82' lang='lat' dir='ltr'><strong>E.</strong></span> <span class='ocrx_word' id='word_1_297' title='bbox 1428 4626 1691 4692; x_wconf 75' lang='lat' dir='ltr'><strong>irrigabat.</strong></span> <span class='ocrx_word' id='word_1_298' title='bbox 1943 4625 1997 4690; x_wconf 77' lang='lat'><strong>(⁸)</strong></span> <span class='ocrx_word' id='word_1_299' title='bbox 2031 4631 2140 4688; x_wconf 84' lang='lat'><strong>11⁷,</strong></span> <span class='ocrx_word' id='word_1_300' title='bbox 2172 4628 2306 4678; x_wconf 74' lang='lat' dir='ltr'><strong>idest</strong></span> <span class='ocrx_word' id='word_1_301' title='bbox 2335 4627 2391 4676; x_wconf 88' lang='lat' dir='ltr'><strong>iu</strong></span> <span class='ocrx_word' id='word_1_302' title='bbox 2421 4630 2601 4677; x_wconf 81' lang='lat' dir='ltr'><strong>nostro</strong></span> <span class='ocrx_word' id='word_1_303' title='bbox 2632 4627 2847 4678; x_wconf 85' lang='lat' dir='ltr'><strong>mundo.</strong></span> 
     </span>
    </p>
   </div>
   <div class='ocr_carea' id='block_1_4' title="bbox 3711 811 3722 1861">
    <p class='ocr_par' dir='ltr' id='par_1_4' title="bbox 3711 811 3722 1861">
     <span class='ocr_line' id='line_1_35' title="bbox 3711 811 3722 1861; baseline 0 0"><span class='ocrx_word' id='word_1_304' title='bbox 3711 811 3722 1861; x_wconf 95' lang='lat' dir='ltr'><strong> </strong></span> 
     </span>
    </p>
   </div>
  </div>
 </body>
</html>
