3734 5567
1059 499 1202 564 450
1845 510 2258 565 comm-rum
2307 512 2644 565 PARAmsr

1052 682 1310 736 rerum
1361 660 1573 736 rediit
1622 661 1715 735 ad
1767 661 2211 758 Augustum,
2257 662 2383 756 qui
2429 662 2794 758 sapientia
2833 671 2912 737 et
2947 660 3230 735 solertia
3270 683 3376 736 sua

1052 783 1430 856 turbatum
1468 802 1735 877 corpus
1769 783 2055 878 imperii
2090 783 2473 877 ordinavit,
2513 783 2715 878 quod
2753 783 2920 857 sine
2954 782 3172 856 dubio
3224 803 3378 855 nun-

1052 923 1279 997 quam
1330 904 1726 979 convenire
1775 904 2149 1000 potuisset,
2187 905 2319 979 nisi
2369 905 2586 979 unius
2627 904 2987 1000 principis
3025 904 3375 996 voluntate,

1052 1023 1262 1117 quasi
1319 1044 1467 1099 una
1516 1024 1762 1098 anima
1799 1030 1872 1098 et
1924 1031 2172 1099 mente
2215 1031 2643 1122 regeretur3
2682 1024 2822 1099 sed
2858 1024 3115 1098 verius
3147 1024 3373 1097 coelum

1051 1142 1479 1237 disponebat
1530 1150 1806 1217 tantam
1862 1144 2461 1239 tranquillitatem
2499 1152 2575 1220 et
2606 1145 3099 1219 serenitatem
3139 1143 3376 1218 Christo

1054 1264 1181 1359 qui
1233 1266 1371 1338 sub
1420 1263 1751 1362 Augusto
1803 1265 2228 1339 incarnatus
2278 1272 2409 1341 est.
2461 1266 2593 1340 Hic
2644 1272 2911 1340 tamen
2964 1264 3373 1339 felicissimus

1054 1386 1439 1460 hominum
1494 1387 1765 1461 multas
1816 1387 2268 1462 infelicitates
2306 1387 2584 1482 habuit,
2623 1389 2821 1461 sicut
2871 1387 3143 1460 Iuliam
3194 1383 3372 1456 filiam

1052 1505 1752 1601 meretricissimam,
1789 1512 1863 1581 et
1903 1507 2277 1581 Tiberium
2315 1527 2831 1582 successorem
2871 1506 3374 1601 pessimum.-

1050 1631 1177 1700 Ma
1225 1616 1353 1698 οἱὸ.
1407 1625 1538 1700 Hic
1588 1626 2037 1701 Justinianus
2088 1627 2318 1723 tangit
2355 1647 2786 1723 supremam
2842 1627 3163 1724 gloriam
3213 1623 3375 1696 istius

1049 1744 1259 1840 signi,
1313 1745 1481 1839 quia
1537 1746 1596 1819 si
1648 1747 1788 1820 sub
1849 1746 2181 1843 Augusto
2244 1754 2407 1821 erat
2466 1747 2653 1822 sacta
2719 1747 3103 1843 reparatio
3165 1741 3374 1817 mundi

1052 1867 1247 1940 male
1298 1864 1638 1960 dispositi,
1701 1868 1840 1940 sub
1903 1867 2190 1941 Tiberio
2241 1867 2430 1942 sacta
2484 1875 2595 1942 est
2660 1867 3051 1963 reparatio
3115 1862 3373 1938 humani

1048 1986 1342 2082 generis
1394 1987 1765 2061 damnati:
1803 1995 1879 2063 et
1930 1990 2168 2083 primo
2218 1988 2723 2084 superextollit
2778 1987 3175 2086 magnifice
3221 1980 3371 2056 istud

1050 2106 1351 2201 factum,
1403 2107 1792 2181 ostendens
1845 2109 2042 2202 quod
2095 2109 2342 2183 omnia
2396 2109 2590 2184 facta
2632 2109 3016 2205 praeterita
3054 2114 3128 2182 et
3165 2105 3372 2177 futura

1052 2234 1223 2301 sunt
1273 2248 1539 2321 parum
1594 2229 1713 2302 vel
1764 2229 1938 2302 nihil
1992 2237 2329 2324 respectu
2374 2230 2601 2304 istius.
2646 2231 2834 2306 Dicit
2880 2250 3102 2326 ergo:
3144 2230 3259 2299 Ma
3289 2212 3371 2294 οἱὸ

1050 2349 1171 2420 che
1202 2350 1254 2420 ’l
1298 2368 1540 2438 scyno,
1591 2348 1887 2442 scilicet,
1928 2350 2218 2444 aquilae,
2255 2352 2375 2423 che
2406 2354 2668 2443 parlar
2701 2355 2802 2424 mi
2827 2357 2997 2445 face
3023 2352 3198 2441 fallo
3227 2361 3370 2416 aven

1044 2471 1312 2560 prima,
1362 2467 1654 2562 scilicet,
1707 2476 1879 2544 ante
1928 2470 2326 2565 Tiberium,
2378 2492 2416 2543 e
2454 2475 2583 2563 poi
2630 2494 2761 2545 era
2805 2476 3108 2566 saltum,
3142 2464 3369 2540 scilicet

1051 2592 1213 2681 post
1263 2586 1662 2682 Tiberium,
1715 2589 1904 2663 sicut
1954 2610 2087 2684 per
2138 2589 2689 2686 Vespasianum,
2717 2591 3151 2681 Traianum,
3184 2585 3370 2658 Anto-

1048 2709 1307 2781 ninum
1378 2709 1605 2804 pium,
1658 2709 2182 2803 Alexandrum,
2237 2717 2311 2785 et
2380 2711 2477 2785 ita
2539 2711 2632 2786 de
2695 2711 2955 2786 multis
3022 2725 3245 2801 usque
3298 2698 3367 2774 ad

1046 2827 1627 2922 Constantinum,
1681 2836 1755 2904 et
1805 2830 1903 2904 ita
1957 2829 2296 2926 deinceps
2350 2851 2588 2925 usque
2638 2831 2729 2905 ad
2784 2831 3032 2926 ipsum
3069 2822 3368 2901 Iustinia-

1046 2970 1253 3043 num,
1307 2955 1381 3023 et
1430 2950 1526 3023 ab
1577 2950 1732 3045 ipso
1786 2971 2025 3045 usque
2075 2951 2169 3026 ad
2204 2951 2551 3026 Carolum
2601 2972 2992 3048 magnum,
3018 2971 3154 3045 per
3189 2951 3252 3020 lo
3279 2963 3369 3016 re-

1043 3091 1188 3160 yno
1240 3072 1525 3162 morial,
1583 3073 1685 3143 ch’
1712 3092 1760 3143 α
1810 3075 1910 3145 lui
1956 3075 2310 3164 soqyiace,
2364 3072 2569 3166 idest,
2637 3075 3034 3167 mundum,
3104 3068 3221 3164 qui
3280 3067 3366 3138 est

1045 3187 1382 3261 subditus
1432 3187 1525 3262 de
1566 3190 1744 3284 jure
1794 3191 1952 3284 sibi,
1997 3194 2277 3266 diventa
2325 3196 2401 3266 in
2433 3215 2854 3286 apparenza
2881 3215 3070 3289 poco
3102 3212 3139 3265 e
3166 3204 3365 3272 smero,

1047 3308 1477 3400 respective,
1528 3330 1603 3381 se
1650 3312 1727 3381 in
1776 3330 1989 3383 mano
2040 3315 2120 3385 al
2165 3319 2361 3385 terzo
2418 3317 2672 3387 Cesare
2726 3318 2790 3388 si
2851 3319 3071 3408 mira,
3134 3305 3364 3384 scilicet

1047 3426 1122 3498 in
1161 3446 1389 3499 manu
1418 3425 1717 3522 Tiberii,
1757 3430 1890 3504 iste
1926 3431 2060 3505 suit
2094 3432 2644 3507 strenuissimus
2677 3456 3094 3527 armorum,
3131 3435 3200 3505 et
3233 3442 3362 3498 ma-

1045 3566 1190 3642 gna
1245 3551 1319 3619 et
1372 3547 1782 3641 periculosa
1836 3551 2027 3626 bella
2079 3553 2303 3649 gessit
2367 3574 2501 3648 pro
2566 3554 2856 3630 Caesare
2908 3555 3232 3651 Augusto
3277 3539 3363 3615 vi-

1045 3666 1231 3740 trico
1266 3687 1426 3760 suo,
1457 3673 1707 3743 tamen
1747 3671 2253 3745 vitiosissimus
2284 3664 2399 3768 (¹);
2441 3674 2736 3769 juvenis
2772 3676 3128 3767 ebriosuS,
3167 3679 3359 3742 senex

1041 3787 1488 3883 luxuriosuS,
1551 3791 1750 3865 canis
1817 3791 2134 3865 rabidus
2189 3792 2372 3866 Dicit
2425 3800 2675 3870 tamen
2737 3796 3089 3872 Horosius
3148 3788 3234 3862 de
3287 3796 3359 3853 60

1039 3908 1239 4001 quod
1274 3909 1630 4004 Tiberius,
1665 3911 1841 4005 quia
1885 3933 2033 3986 non
2077 3912 2390 3986 obtinuit
2425 3914 2497 3987 in
2532 3922 2793 3990 senatu
2831 3916 3031 4011 quod
3071 3905 3360 3986 Christus

1037 4029 1411 4103 coleretur
1461 4051 1599 4124 pro
1640 4030 1819 4125 Deo,
1853 4052 1950 4105 ex
2004 4033 2594 4109 mansuetissimo
2630 4037 2957 4133 principe
2996 4037 3357 4110 conversus

1037 4154 1149 4220 est
1197 4147 1272 4219 in
1323 4149 1802 4224 saevissimam
1853 4151 2210 4247 bestiam,
2265 4161 2339 4228 et
2387 4154 2594 4228 dicit:
2649 4177 2782 4229 con
2833 4159 3068 4230 occhio
3116 4149 3350 4226 chiam,

1041 4264 1244 4359 idest,
1298 4267 1666 4344 intellectu
1721 4291 1924 4365 ver0,
1977 4295 2016 4346 e
2063 4296 2197 4347 con
2248 4280 2481 4368 affecto
2509 4299 2724 4369 pura,
2767 4278 2973 4373 idest,
3010 4265 3355 4350 affectione

1046 4385 1266 4458 clara.
1319 4385 1473 4459 Hoc
1522 4388 1691 4463 dicit
1743 4392 1917 4484 quia
1960 4394 2170 4466 multi
2214 4404 2483 4492 negant
2517 4397 2731 4473 istam
2767 4401 3124 4474 rationem
3157 4397 3349 4484 quam

1172 4652 1229 4714 (¹)
1260 4651 1320 4701 E.
1357 4651 1712 4703 vitiosissimus
1743 4654 2044 4718 bominum;
2070 4657 2291 4721 juvenis.
