<?xml version="1.0" encoding="UTF-8"?>
<!DOCTYPE html PUBLIC "-//W3C//DTD XHTML 1.0 Transitional//EN"
    "http://www.w3.org/TR/xhtml1/DTD/xhtml1-transitional.dtd">
<html xmlns="http://www.w3.org/1999/xhtml" xml:lang="en" lang="en">
 <head>
  <title>
</title>
<meta http-equiv="Content-Type" content="text/html;charset=utf-8" />
  <meta name='ocr-system' content='tesseract 3.04.00' />
  <meta name='ocr-capabilities' content='ocr_page ocr_carea ocr_par ocr_line ocrx_word'/>
</head>
<body>
  <div class='ocr_page' id='page_1' title='image "benevenutideram02lacagoog_0475.png"; bbox 0 0 3734 5567; ppageno 0'>
   <div class='ocr_carea' id='block_1_1' title="bbox 1294 505 2821 570">
    <p class='ocr_par' dir='ltr' id='par_1_1' title="bbox 1294 505 2821 570">
     <span class='ocr_line' id='line_1_1' title="bbox 1294 505 2821 570; baseline 0.004 -8"><span class='ocrx_word' id='word_1_1' title='bbox 1294 507 1571 564; x_wconf 73' lang='lat' dir='ltr'>CANTUS</span> <span class='ocrx_word' id='word_1_2' title='bbox 1622 511 1986 566; x_wconf 75' lang='lat' dir='ltr'><strong>SEPTIMUS·</strong></span> <span class='ocrx_word' id='word_1_3' title='bbox 2679 505 2821 570; x_wconf 77' lang='lat'>465</span> 
     </span>
    </p>
   </div>
   <div class='ocr_carea' id='block_1_2' title="bbox 468 653 2826 2432">
    <p class='ocr_par' dir='ltr' id='par_1_2' title="bbox 468 653 2826 2432">
     <span class='ocr_line' id='line_1_2' title="bbox 472 653 2826 760; baseline 0.001 -33"><span class='ocrx_word' id='word_1_4' title='bbox 472 675 618 728; x_wconf 91' lang='lat' dir='ltr'>non</span> <span class='ocrx_word' id='word_1_5' title='bbox 669 654 837 729; x_wconf 86' lang='lat' dir='ltr'>duae</span> <span class='ocrx_word' id='word_1_6' title='bbox 887 673 1242 749; x_wconf 69' lang='lat' dir='ltr'>personae,</span> <span class='ocrx_word' id='word_1_7' title='bbox 1298 660 1371 727; x_wconf 90' lang='lat' dir='ltr'>et</span> <span class='ocrx_word' id='word_1_8' title='bbox 1421 653 1639 728; x_wconf 89' lang='lat' dir='ltr'>simul</span> <span class='ocrx_word' id='word_1_9' title='bbox 1708 655 1940 729; x_wconf 87' lang='lat' dir='ltr'>univit</span> <span class='ocrx_word' id='word_1_10' title='bbox 1998 656 2130 729; x_wconf 90' lang='lat' dir='ltr'>sibi</span> <span class='ocrx_word' id='word_1_11' title='bbox 2188 675 2487 760; x_wconf 85' lang='lat' dir='ltr'>carnem</span> <span class='ocrx_word' id='word_1_12' title='bbox 2541 665 2618 732; x_wconf 92' lang='lat' dir='ltr'>et</span> <span class='ocrx_word' id='word_1_13' title='bbox 2666 658 2826 732; x_wconf 92' lang='lat' dir='ltr'>ani-</span> 
     </span>
     <span class='ocr_line' id='line_1_3' title="bbox 472 773 2824 872; baseline 0.002 -25"><span class='ocrx_word' id='word_1_14' title='bbox 472 794 692 848; x_wconf 85' lang='lat' dir='ltr'><strong>mam.</strong></span> <span class='ocrx_word' id='word_1_15' title='bbox 749 774 930 849; x_wconf 81' lang='lat' dir='ltr'>Dicit</span> <span class='ocrx_word' id='word_1_16' title='bbox 981 795 1199 872; x_wconf 91' lang='lat' dir='ltr'>ergo:</span> <span class='ocrx_word' id='word_1_17' title='bbox 1252 795 1290 846; x_wconf 86' lang='lat' dir='ltr'>e</span> <span class='ocrx_word' id='word_1_18' title='bbox 1339 778 1505 847; x_wconf 81' lang='lat' dir='ltr'>unio</span> <span class='ocrx_word' id='word_1_19' title='bbox 1554 798 1602 848; x_wconf 91' lang='lat' dir='ltr'>a</span> <span class='ocrx_word' id='word_1_20' title='bbox 1650 773 1729 849; x_wconf 68' lang='lat' dir='ltr'>se*</span> <span class='ocrx_word' id='word_1_21' title='bbox 1774 780 1847 849; x_wconf 77' lang='lat' dir='ltr'>in</span> <span class='ocrx_word' id='word_1_22' title='bbox 1891 773 2229 869; x_wconf 74' lang='lat' dir='ltr'>persona,</span> <span class='ocrx_word' id='word_1_23' title='bbox 2271 777 2477 872; x_wconf 89' lang='lat' dir='ltr'>idest,</span> <span class='ocrx_word' id='word_1_24' title='bbox 2523 785 2598 855; x_wconf 93' lang='lat' dir='ltr'>et</span> <span class='ocrx_word' id='word_1_25' title='bbox 2647 779 2824 853; x_wconf 93' lang='lat' dir='ltr'>illud</span> 
     </span>
     <span class='ocr_line' id='line_1_4' title="bbox 471 894 2820 991; baseline 0.002 -24"><span class='ocrx_word' id='word_1_26' title='bbox 471 894 798 970; x_wconf 82' lang='lat' dir='ltr'>Verbum</span> <span class='ocrx_word' id='word_1_27' title='bbox 850 894 1227 969; x_wconf 83' lang='lat' dir='ltr'>coniunxit</span> <span class='ocrx_word' id='word_1_28' title='bbox 1290 894 1423 968; x_wconf 83' lang='lat' dir='ltr'><strong>sibi</strong></span> <span class='ocrx_word' id='word_1_29' title='bbox 1490 900 1566 969; x_wconf 92' lang='lat' dir='ltr'>et</span> <span class='ocrx_word' id='word_1_30' title='bbox 1629 895 1896 991; x_wconf 85' lang='lat' dir='ltr'>univit3</span> <span class='ocrx_word' id='word_1_31' title='bbox 1955 896 2069 970; x_wconf 89' lang='lat' dir='ltr'>vel</span> <span class='ocrx_word' id='word_1_32' title='bbox 2129 897 2538 971; x_wconf 89' lang='lat' dir='ltr'>secundum</span> <span class='ocrx_word' id='word_1_33' title='bbox 2600 898 2820 973; x_wconf 90' lang='lat' dir='ltr'>aliam</span> 
     </span>
     <span class='ocr_line' id='line_1_5' title="bbox 473 1015 2825 1115; baseline 0.002 -27"><span class='ocrx_word' id='word_1_34' title='bbox 473 1015 785 1109; x_wconf 80' lang='lat' dir='ltr'>literam,</span> <span class='ocrx_word' id='word_1_35' title='bbox 824 1020 923 1110; x_wconf 80' lang='lat' dir='ltr'>U’,</span> <span class='ocrx_word' id='word_1_36' title='bbox 960 1016 1145 1090; x_wconf 91' lang='lat' dir='ltr'>idest</span> <span class='ocrx_word' id='word_1_37' title='bbox 1181 1016 1331 1110; x_wconf 89' lang='lat' dir='ltr'>ubi,</span> <span class='ocrx_word' id='word_1_38' title='bbox 1367 1016 1572 1111; x_wconf 90' lang='lat' dir='ltr'>idest,</span> <span class='ocrx_word' id='word_1_39' title='bbox 1610 1017 1683 1089; x_wconf 89' lang='lat' dir='ltr'>in</span> <span class='ocrx_word' id='word_1_40' title='bbox 1727 1038 1880 1111; x_wconf 88' lang='lat' dir='ltr'>quo</span> <span class='ocrx_word' id='word_1_41' title='bbox 1935 1018 2212 1092; x_wconf 90' lang='lat' dir='ltr'>mundo</span> <span class='ocrx_word' id='word_1_42' title='bbox 2263 1019 2501 1093; x_wconf 89' lang='lat' dir='ltr'>univit</span> <span class='ocrx_word' id='word_1_43' title='bbox 2552 1020 2708 1115; x_wconf 91' lang='lat' dir='ltr'>sibi,</span> <span class='ocrx_word' id='word_1_44' title='bbox 2752 1024 2825 1093; x_wconf 86' lang='lat' dir='ltr'>la</span> 
     </span>
     <span class='ocr_line' id='line_1_6' title="bbox 474 1137 2821 1230; baseline 0.002 -20"><span class='ocrx_word' id='word_1_45' title='bbox 474 1144 759 1229; x_wconf 80' lang='lat' dir='ltr'>natura,</span> <span class='ocrx_word' id='word_1_46' title='bbox 820 1137 1090 1213; x_wconf 89' lang='lat' dir='ltr'>scilicet</span> <span class='ocrx_word' id='word_1_47' title='bbox 1157 1139 1588 1227; x_wconf 89' lang='lat' dir='ltr'>humanam,</span> <span class='ocrx_word' id='word_1_48' title='bbox 1639 1140 1759 1211; x_wconf 75' lang='lat' dir='ltr'>che</span> <span class='ocrx_word' id='word_1_49' title='bbox 1821 1141 1881 1210; x_wconf 75' lang='grc' dir='ltr'>,ς’</span> <span class='ocrx_word' id='word_1_50' title='bbox 1901 1160 2028 1211; x_wconf 82' lang='lat' dir='ltr'>era</span> <span class='ocrx_word' id='word_1_51' title='bbox 2077 1142 2444 1230; x_wconf 72' lang='lat' dir='ltr'>allunqata</span> <span class='ocrx_word' id='word_1_52' title='bbox 2507 1143 2633 1214; x_wconf 85' lang='lat' dir='ltr'>dal</span> <span class='ocrx_word' id='word_1_53' title='bbox 2694 1162 2821 1213; x_wconf 76' lang='lat' dir='ltr'>suo</span> 
     </span>
     <span class='ocr_line' id='line_1_7' title="bbox 472 1257 2820 1353; baseline 0 -21"><span class='ocrx_word' id='word_1_54' title='bbox 472 1263 779 1351; x_wconf 73' lang='lat' dir='ltr'>Faltore,</span> <span class='ocrx_word' id='word_1_55' title='bbox 820 1258 1025 1351; x_wconf 92' lang='lat' dir='ltr'>idest,</span> <span class='ocrx_word' id='word_1_56' title='bbox 1059 1278 1105 1331; x_wconf 93' lang='lat' dir='ltr'>a</span> <span class='ocrx_word' id='word_1_57' title='bbox 1148 1264 1488 1332; x_wconf 79' lang='lat' dir='ltr'>creatore</span> <span class='ocrx_word' id='word_1_58' title='bbox 1536 1257 1690 1331; x_wconf 90' lang='lat' dir='ltr'>Deo</span> <span class='ocrx_word' id='word_1_59' title='bbox 1726 1278 1858 1352; x_wconf 90' lang='lat' dir='ltr'>per</span> <span class='ocrx_word' id='word_1_60' title='bbox 1899 1258 2191 1353; x_wconf 91' lang='lat' dir='ltr'>culpam</span> <span class='ocrx_word' id='word_1_61' title='bbox 2234 1280 2404 1353; x_wconf 84' lang='lat' dir='ltr'>quae</span> <span class='ocrx_word' id='word_1_62' title='bbox 2442 1261 2576 1333; x_wconf 79' lang='lat' dir='ltr'>fuit</span> <span class='ocrx_word' id='word_1_63' title='bbox 2626 1260 2820 1335; x_wconf 91' lang='lat' dir='ltr'>redi-</span> 
     </span>
     <span class='ocr_line' id='line_1_8' title="bbox 472 1377 2818 1472; baseline 0.001 -22"><span class='ocrx_word' id='word_1_64' title='bbox 472 1377 736 1452; x_wconf 90' lang='lat' dir='ltr'>menda</span> <span class='ocrx_word' id='word_1_65' title='bbox 788 1398 923 1472; x_wconf 92' lang='lat' dir='ltr'>per</span> <span class='ocrx_word' id='word_1_66' title='bbox 972 1397 1293 1471; x_wconf 91' lang='lat' dir='ltr'>poenam,</span> <span class='ocrx_word' id='word_1_67' title='bbox 1345 1398 1479 1450; x_wconf 84' lang='lat' dir='ltr'>con</span> <span class='ocrx_word' id='word_1_68' title='bbox 1528 1381 1734 1451; x_wconf 66' lang='lat' dir='ltr'>tatto</span> <span class='ocrx_word' id='word_1_69' title='bbox 1768 1381 1881 1451; x_wconf 81' lang='lat' dir='ltr'>sol</span> <span class='ocrx_word' id='word_1_70' title='bbox 1924 1381 2039 1452; x_wconf 85' lang='lat' dir='ltr'>del</span> <span class='ocrx_word' id='word_1_71' title='bbox 2081 1399 2208 1452; x_wconf 81' lang='lat' dir='ltr'>suo</span> <span class='ocrx_word' id='word_1_72' title='bbox 2259 1388 2496 1453; x_wconf 76' lang='lat' dir='ltr'>eterno</span> <span class='ocrx_word' id='word_1_73' title='bbox 2548 1401 2818 1471; x_wconf 85' lang='lat' dir='ltr'>amore,</span> 
     </span>
     <span class='ocr_line' id='line_1_9' title="bbox 468 1496 2819 1593; baseline 0.002 -22"><span class='ocrx_word' id='word_1_74' title='bbox 468 1497 652 1572; x_wconf 88' lang='lat' dir='ltr'>idest</span> <span class='ocrx_word' id='word_1_75' title='bbox 685 1496 996 1593; x_wconf 87' lang='lat' dir='ltr'>Spiritus</span> <span class='ocrx_word' id='word_1_76' title='bbox 1037 1498 1264 1572; x_wconf 89' lang='lat' dir='ltr'>sancti</span> <span class='ocrx_word' id='word_1_77' title='bbox 1303 1497 1422 1572; x_wconf 92' lang='lat' dir='ltr'>cui</span> <span class='ocrx_word' id='word_1_78' title='bbox 1459 1498 1886 1572; x_wconf 80' lang='lat' dir='ltr'>attribuitur</span> <span class='ocrx_word' id='word_1_79' title='bbox 1919 1519 2271 1573; x_wconf 91' lang='lat' dir='ltr'>amor.—</span> <span class='ocrx_word' id='word_1_80' title='bbox 2294 1504 2416 1574; x_wconf 85' lang='lat' dir='ltr'>Or.</span> <span class='ocrx_word' id='word_1_81' title='bbox 2462 1501 2591 1574; x_wconf 89' lang='lat' dir='ltr'>Hic</span> <span class='ocrx_word' id='word_1_82' title='bbox 2631 1501 2819 1575; x_wconf 91' lang='lat' dir='ltr'>Bea-</span> 
     </span>
     <span class='ocr_line' id='line_1_10' title="bbox 471 1617 2820 1713; baseline 0.002 -23"><span class='ocrx_word' id='word_1_83' title='bbox 471 1617 611 1690; x_wconf 84' lang='lat' dir='ltr'>trix</span> <span class='ocrx_word' id='word_1_84' title='bbox 648 1623 938 1692; x_wconf 90' lang='lat' dir='ltr'>ostensa</span> <span class='ocrx_word' id='word_1_85' title='bbox 978 1618 1479 1692; x_wconf 86' lang='lat' dir='ltr'>incarnatione</span> <span class='ocrx_word' id='word_1_86' title='bbox 1515 1618 1731 1692; x_wconf 85' lang='lat' dir='ltr'>Verbi</span> <span class='ocrx_word' id='word_1_87' title='bbox 1768 1618 2082 1693; x_wconf 87' lang='lat' dir='ltr'>ostendit</span> <span class='ocrx_word' id='word_1_88' title='bbox 2114 1620 2522 1713; x_wconf 86' lang='lat' dir='ltr'>passionem</span> <span class='ocrx_word' id='word_1_89' title='bbox 2563 1639 2820 1694; x_wconf 88' lang='lat' dir='ltr'>neces-</span> 
     </span>
     <span class='ocr_line' id='line_1_11' title="bbox 470 1737 2821 1835; baseline 0.001 -25"><span class='ocrx_word' id='word_1_90' title='bbox 470 1738 741 1811; x_wconf 84' lang='lat' dir='ltr'>sariam</span> <span class='ocrx_word' id='word_1_91' title='bbox 793 1737 885 1812; x_wconf 93' lang='lat' dir='ltr'>ad</span> <span class='ocrx_word' id='word_1_92' title='bbox 935 1738 1450 1834; x_wconf 84' lang='lat' dir='ltr'>purgationem</span> <span class='ocrx_word' id='word_1_93' title='bbox 1507 1739 1852 1813; x_wconf 83' lang='lat' dir='ltr'>bumanae</span> <span class='ocrx_word' id='word_1_94' title='bbox 1914 1744 2197 1812; x_wconf 84' lang='lat' dir='ltr'>naturae</span> <span class='ocrx_word' id='word_1_95' title='bbox 2261 1745 2679 1835; x_wconf 85' lang='lat' dir='ltr'>assumptae.</span> <span class='ocrx_word' id='word_1_96' title='bbox 2731 1741 2821 1813; x_wconf 90' lang='lat' dir='ltr'>Et</span> 
     </span>
     <span class='ocr_line' id='line_1_12' title="bbox 468 1856 2816 1954; baseline 0 -23"><span class='ocrx_word' id='word_1_97' title='bbox 468 1856 563 1931; x_wconf 91' lang='lat' dir='ltr'>ad</span> <span class='ocrx_word' id='word_1_98' title='bbox 615 1857 1158 1954; x_wconf 84' lang='lat' dir='ltr'>intelligentiam</span> <span class='ocrx_word' id='word_1_99' title='bbox 1198 1858 1419 1931; x_wconf 90' lang='lat' dir='ltr'>buius</span> <span class='ocrx_word' id='word_1_100' title='bbox 1452 1858 1685 1932; x_wconf 84' lang='lat' dir='ltr'>literae</span> <span class='ocrx_word' id='word_1_101' title='bbox 1720 1858 1927 1932; x_wconf 84' lang='lat' dir='ltr'>sortis</span> <span class='ocrx_word' id='word_1_102' title='bbox 1959 1864 2078 1946; x_wconf 63' lang='lat' dir='ltr'>rest</span> <span class='ocrx_word' id='word_1_103' title='bbox 2112 1858 2351 1952; x_wconf 90' lang='lat' dir='ltr'>primo</span> <span class='ocrx_word' id='word_1_104' title='bbox 2386 1860 2816 1953; x_wconf 90' lang='lat' dir='ltr'>notandum,</span> 
     </span>
     <span class='ocr_line' id='line_1_13' title="bbox 468 1976 2820 2071; baseline 0.001 -21"><span class='ocrx_word' id='word_1_105' title='bbox 468 1977 669 2071; x_wconf 89' lang='lat' dir='ltr'>quod</span> <span class='ocrx_word' id='word_1_106' title='bbox 721 1976 1057 2071; x_wconf 88' lang='lat' dir='ltr'>quamvis</span> <span class='ocrx_word' id='word_1_107' title='bbox 1109 1983 1376 2051; x_wconf 90' lang='lat' dir='ltr'>natura</span> <span class='ocrx_word' id='word_1_108' title='bbox 1427 1979 1753 2050; x_wconf 90' lang='lat' dir='ltr'>bumana</span> <span class='ocrx_word' id='word_1_109' title='bbox 1815 1976 1890 2049; x_wconf 93' lang='lat' dir='ltr'>in</span> <span class='ocrx_word' id='word_1_110' title='bbox 1950 1997 2261 2071; x_wconf 89' lang='lat' dir='ltr'>persona</span> <span class='ocrx_word' id='word_1_111' title='bbox 2313 1978 2577 2053; x_wconf 87' lang='lat' dir='ltr'>Christi</span> <span class='ocrx_word' id='word_1_112' title='bbox 2627 1984 2820 2053; x_wconf 91' lang='lat' dir='ltr'>esset</span> 
     </span>
     <span class='ocr_line' id='line_1_14' title="bbox 469 2097 2815 2192; baseline 0 -22"><span class='ocrx_word' id='word_1_113' title='bbox 469 2118 657 2192; x_wconf 92' lang='lat' dir='ltr'>pura</span> <span class='ocrx_word' id='word_1_114' title='bbox 710 2103 781 2172; x_wconf 92' lang='lat' dir='ltr'>et</span> <span class='ocrx_word' id='word_1_115' title='bbox 832 2098 1204 2191; x_wconf 82' lang='lat' dir='ltr'>innocenS,</span> <span class='ocrx_word' id='word_1_116' title='bbox 1259 2098 1728 2172; x_wconf 92' lang='lat' dir='ltr'>nibilominus</span> <span class='ocrx_word' id='word_1_117' title='bbox 1765 2097 1835 2169; x_wconf 92' lang='lat' dir='ltr'>in</span> <span class='ocrx_word' id='word_1_118' title='bbox 1874 2104 2237 2192; x_wconf 87' lang='lat' dir='ltr'>quantum</span> <span class='ocrx_word' id='word_1_119' title='bbox 2275 2099 2601 2173; x_wconf 90' lang='lat' dir='ltr'>humana</span> <span class='ocrx_word' id='word_1_120' title='bbox 2653 2103 2815 2172; x_wconf 90' lang='lat' dir='ltr'>erat</span> 
     </span>
     <span class='ocr_line' id='line_1_15' title="bbox 469 2217 2817 2314; baseline -0.001 -23"><span class='ocrx_word' id='word_1_121' title='bbox 469 2219 751 2313; x_wconf 89' lang='lat' dir='ltr'>privata</span> <span class='ocrx_word' id='word_1_122' title='bbox 803 2217 1285 2310; x_wconf 84' lang='lat' dir='ltr'>beatitudine3</span> <span class='ocrx_word' id='word_1_123' title='bbox 1340 2218 1512 2312; x_wconf 90' lang='lat' dir='ltr'>quia</span> <span class='ocrx_word' id='word_1_124' title='bbox 1563 2225 2073 2313; x_wconf 91' lang='lat' dir='ltr'>carosumpta</span> <span class='ocrx_word' id='word_1_125' title='bbox 2109 2219 2203 2292; x_wconf 91' lang='lat' dir='ltr'>de</span> <span class='ocrx_word' id='word_1_126' title='bbox 2246 2219 2530 2314; x_wconf 86' lang='lat' dir='ltr'>virgine</span> <span class='ocrx_word' id='word_1_127' title='bbox 2575 2220 2817 2293; x_wconf 91' lang='lat' dir='ltr'>solum</span> 
     </span>
     <span class='ocr_line' id='line_1_16' title="bbox 471 2336 2813 2432; baseline -0 -21"><span class='ocrx_word' id='word_1_128' title='bbox 471 2343 634 2412; x_wconf 89' lang='lat' dir='ltr'>erat</span> <span class='ocrx_word' id='word_1_129' title='bbox 684 2336 777 2411; x_wconf 89' lang='lat' dir='ltr'>de</span> <span class='ocrx_word' id='word_1_130' title='bbox 827 2357 1053 2411; x_wconf 91' lang='lat' dir='ltr'>carne</span> <span class='ocrx_word' id='word_1_131' title='bbox 1104 2337 1222 2411; x_wconf 90' lang='lat' dir='ltr'>illa</span> <span class='ocrx_word' id='word_1_132' title='bbox 1275 2358 1444 2431; x_wconf 87' lang='lat' dir='ltr'>quae</span> <span class='ocrx_word' id='word_1_133' title='bbox 1495 2337 1975 2412; x_wconf 90' lang='lat' dir='ltr'>descenderat</span> <span class='ocrx_word' id='word_1_134' title='bbox 2025 2359 2114 2413; x_wconf 85' lang='lat' dir='ltr'>ex</span> <span class='ocrx_word' id='word_1_135' title='bbox 2170 2337 2397 2412; x_wconf 84' lang='lat' dir='ltr'>Adam</span> <span class='ocrx_word' id='word_1_136' title='bbox 2448 2345 2813 2432; x_wconf 88' lang='lat' dir='ltr'>quantum</span> 
     </span>
    </p>
   </div>
   <div class='ocr_carea' id='block_1_3' title="bbox 414 2457 2820 2559">
    <p class='ocr_par' dir='ltr' id='par_1_3' title="bbox 414 2457 2820 2559">
     <span class='ocr_line' id='line_1_17' title="bbox 414 2457 2820 2559; baseline 0 -28"><span class='ocrx_word' id='word_1_137' title='bbox 414 2511 419 2515; x_wconf 76' lang='lat'><em>-</em></span> <span class='ocrx_word' id='word_1_138' title='bbox 471 2457 560 2531; x_wconf 92' lang='lat' dir='ltr'>ad</span> <span class='ocrx_word' id='word_1_139' title='bbox 634 2458 1025 2531; x_wconf 91' lang='lat' dir='ltr'>materiam</span> <span class='ocrx_word' id='word_1_140' title='bbox 1091 2459 1624 2552; x_wconf 86' lang='lat' dir='ltr'>corpulentam,</span> <span class='ocrx_word' id='word_1_141' title='bbox 1696 2459 2034 2553; x_wconf 87' lang='lat' dir='ltr'>quamvis</span> <span class='ocrx_word' id='word_1_142' title='bbox 2086 2464 2274 2533; x_wconf 90' lang='lat' dir='ltr'>esset</span> <span class='ocrx_word' id='word_1_143' title='bbox 2341 2459 2439 2559; x_wconf 81' lang='lat' dir='ltr'>ita</span> <span class='ocrx_word' id='word_1_144' title='bbox 2504 2480 2691 2554; x_wconf 93' lang='lat' dir='ltr'>pura</span> <span class='ocrx_word' id='word_1_145' title='bbox 2743 2464 2820 2534; x_wconf 89' lang='lat' dir='ltr'>et</span> 
     </span>
    </p>
   </div>
   <div class='ocr_carea' id='block_1_4' title="bbox 463 2576 2821 4230">
    <p class='ocr_par' dir='ltr' id='par_1_4' title="bbox 463 2576 2821 4230">
     <span class='ocr_line' id='line_1_18' title="bbox 471 2576 2816 2672; baseline 0.002 -24"><span class='ocrx_word' id='word_1_146' title='bbox 471 2576 702 2650; x_wconf 91' lang='lat' dir='ltr'>libera</span> <span class='ocrx_word' id='word_1_147' title='bbox 751 2597 796 2649; x_wconf 92' lang='lat' dir='ltr'>a</span> <span class='ocrx_word' id='word_1_148' title='bbox 845 2582 1146 2671; x_wconf 87' lang='lat' dir='ltr'>peccato</span> <span class='ocrx_word' id='word_1_149' title='bbox 1196 2577 1391 2671; x_wconf 86' lang='lat' dir='ltr'>Adae,</span> <span class='ocrx_word' id='word_1_150' title='bbox 1435 2579 1624 2652; x_wconf 92' lang='lat' dir='ltr'>sicut</span> <span class='ocrx_word' id='word_1_151' title='bbox 1673 2584 1834 2652; x_wconf 90' lang='lat' dir='ltr'>erat</span> <span class='ocrx_word' id='word_1_152' title='bbox 1885 2598 2061 2652; x_wconf 91' lang='lat' dir='ltr'>caro</span> <span class='ocrx_word' id='word_1_153' title='bbox 2112 2578 2286 2652; x_wconf 84' lang='lat' dir='ltr'>Adae</span> <span class='ocrx_word' id='word_1_154' title='bbox 2331 2584 2503 2653; x_wconf 91' lang='lat' dir='ltr'>ante</span> <span class='ocrx_word' id='word_1_155' title='bbox 2553 2599 2816 2672; x_wconf 89' lang='lat' dir='ltr'>pecca-</span> 
     </span>
     <span class='ocr_line' id='line_1_19' title="bbox 472 2695 2813 2792; baseline 0 -22"><span class='ocrx_word' id='word_1_156' title='bbox 472 2702 656 2788; x_wconf 92' lang='lat' dir='ltr'>tum,</span> <span class='ocrx_word' id='word_1_157' title='bbox 695 2695 867 2789; x_wconf 90' lang='lat' dir='ltr'>quia</span> <span class='ocrx_word' id='word_1_158' title='bbox 918 2695 1246 2770; x_wconf 86' lang='lat' dir='ltr'>Christus</span> <span class='ocrx_word' id='word_1_159' title='bbox 1287 2717 1432 2770; x_wconf 95' lang='lat' dir='ltr'>non</span> <span class='ocrx_word' id='word_1_160' title='bbox 1484 2697 1794 2792; x_wconf 89' lang='lat' dir='ltr'>sumpsit</span> <span class='ocrx_word' id='word_1_161' title='bbox 1825 2697 1919 2771; x_wconf 92' lang='lat' dir='ltr'>de</span> <span class='ocrx_word' id='word_1_162' title='bbox 1957 2696 2187 2771; x_wconf 88' lang='lat' dir='ltr'>Adam</span> <span class='ocrx_word' id='word_1_163' title='bbox 2242 2697 2377 2770; x_wconf 91' lang='lat' dir='ltr'>nisi</span> <span class='ocrx_word' id='word_1_164' title='bbox 2426 2698 2813 2771; x_wconf 87' lang='lat' dir='ltr'>materiam</span> 
     </span>
     <span class='ocr_line' id='line_1_20' title="bbox 469 2815 2819 2914; baseline -0 -25"><span class='ocrx_word' id='word_1_165' title='bbox 469 2816 697 2890; x_wconf 91' lang='lat' dir='ltr'>solam</span> <span class='ocrx_word' id='word_1_166' title='bbox 762 2815 855 2890; x_wconf 92' lang='lat' dir='ltr'>de</span> <span class='ocrx_word' id='word_1_167' title='bbox 918 2836 1107 2910; x_wconf 90' lang='lat' dir='ltr'>puro</span> <span class='ocrx_word' id='word_1_168' title='bbox 1166 2817 1526 2914; x_wconf 88' lang='lat' dir='ltr'>sanguine</span> <span class='ocrx_word' id='word_1_169' title='bbox 1593 2817 1928 2914; x_wconf 77' lang='lat' dir='ltr'>virginis5</span> <span class='ocrx_word' id='word_1_170' title='bbox 1981 2816 2107 2890; x_wconf 87' lang='lat' dir='ltr'>sed</span> <span class='ocrx_word' id='word_1_171' title='bbox 2156 2815 2464 2911; x_wconf 92' lang='lat' dir='ltr'>Spiritus</span> <span class='ocrx_word' id='word_1_172' title='bbox 2522 2823 2819 2890; x_wconf 88' lang='lat' dir='ltr'>sanctus</span> 
     </span>
     <span class='ocr_line' id='line_1_21' title="bbox 467 2935 2818 3033; baseline 0 -24"><span class='ocrx_word' id='word_1_173' title='bbox 467 2935 664 3009; x_wconf 90' lang='lat' dir='ltr'>dedit</span> <span class='ocrx_word' id='word_1_174' title='bbox 711 2936 950 3009; x_wconf 89' lang='lat' dir='ltr'>active</span> <span class='ocrx_word' id='word_1_175' title='bbox 986 2944 1329 3010; x_wconf 90' lang='lat' dir='ltr'>naturam</span> <span class='ocrx_word' id='word_1_176' title='bbox 1367 2937 1792 3010; x_wconf 86' lang='lat' dir='ltr'>humanam.</span> <span class='ocrx_word' id='word_1_177' title='bbox 1832 2936 2160 3011; x_wconf 90' lang='lat' dir='ltr'>Christus</span> <span class='ocrx_word' id='word_1_178' title='bbox 2202 2957 2383 3033; x_wconf 91' lang='lat' dir='ltr'>ergo</span> <span class='ocrx_word' id='word_1_179' title='bbox 2428 2936 2818 3032; x_wconf 91' lang='lat' dir='ltr'>assumpsit</span> 
     </span>
     <span class='ocr_line' id='line_1_22' title="bbox 467 3055 2821 3152; baseline 0.002 -24"><span class='ocrx_word' id='word_1_180' title='bbox 467 3055 922 3149; x_wconf 88' lang='lat' dir='ltr'>poenalitates</span> <span class='ocrx_word' id='word_1_181' title='bbox 973 3058 1416 3151; x_wconf 76' lang='lat' dir='ltr'>corporaleS,</span> <span class='ocrx_word' id='word_1_182' title='bbox 1460 3058 1647 3131; x_wconf 90' lang='lat' dir='ltr'>sicut</span> <span class='ocrx_word' id='word_1_183' title='bbox 1701 3057 1997 3150; x_wconf 84' lang='lat' dir='ltr'>famem,</span> <span class='ocrx_word' id='word_1_184' title='bbox 2038 3056 2256 3150; x_wconf 87' lang='lat' dir='ltr'>sitim,</span> <span class='ocrx_word' id='word_1_185' title='bbox 2295 3056 2648 3152; x_wconf 92' lang='lat' dir='ltr'>laborem,</span> <span class='ocrx_word' id='word_1_186' title='bbox 2684 3057 2821 3132; x_wconf 91' lang='lat' dir='ltr'>do-</span> 
     </span>
     <span class='ocr_line' id='line_1_23' title="bbox 467 3177 2818 3272; baseline 0 -22"><span class='ocrx_word' id='word_1_187' title='bbox 467 3178 740 3272; x_wconf 84' lang='lat' dir='ltr'>lorem3</span> <span class='ocrx_word' id='word_1_188' title='bbox 794 3183 866 3251; x_wconf 93' lang='lat' dir='ltr'>et</span> <span class='ocrx_word' id='word_1_189' title='bbox 917 3178 1351 3272; x_wconf 82' lang='lat' dir='ltr'>spirituales,</span> <span class='ocrx_word' id='word_1_190' title='bbox 1408 3183 1489 3251; x_wconf 94' lang='lat' dir='ltr'>ut</span> <span class='ocrx_word' id='word_1_191' title='bbox 1554 3177 1948 3272; x_wconf 87' lang='lat' dir='ltr'>tristitiam,</span> <span class='ocrx_word' id='word_1_192' title='bbox 2004 3179 2401 3272; x_wconf 92' lang='lat' dir='ltr'>planctum,</span> <span class='ocrx_word' id='word_1_193' title='bbox 2464 3184 2537 3252; x_wconf 91' lang='lat' dir='ltr'>et</span> <span class='ocrx_word' id='word_1_194' title='bbox 2598 3177 2818 3251; x_wconf 90' lang='lat' dir='ltr'>timo-</span> 
     </span>
     <span class='ocr_line' id='line_1_24' title="bbox 468 3297 2818 3393; baseline 0.001 -23"><span class='ocrx_word' id='word_1_195' title='bbox 468 3316 672 3390; x_wconf 83' lang='lat' dir='ltr'>rem3</span> <span class='ocrx_word' id='word_1_196' title='bbox 726 3317 862 3372; x_wconf 91' lang='lat' dir='ltr'>nec</span> <span class='ocrx_word' id='word_1_197' title='bbox 912 3304 1159 3372; x_wconf 91' lang='lat' dir='ltr'>tamen</span> <span class='ocrx_word' id='word_1_198' title='bbox 1208 3298 1604 3392; x_wconf 86' lang='lat' dir='ltr'>assumpsit</span> <span class='ocrx_word' id='word_1_199' title='bbox 1655 3318 1915 3372; x_wconf 92' lang='lat' dir='ltr'>omnes</span> <span class='ocrx_word' id='word_1_200' title='bbox 1965 3299 2408 3393; x_wconf 79' lang='lat' dir='ltr'>corporaleS,</span> <span class='ocrx_word' id='word_1_201' title='bbox 2447 3297 2636 3373; x_wconf 91' lang='lat' dir='ltr'>sicut</span> <span class='ocrx_word' id='word_1_202' title='bbox 2684 3297 2818 3372; x_wconf 91' lang='lat' dir='ltr'>de-</span> 
     </span>
     <span class='ocr_line' id='line_1_25' title="bbox 467 3416 2814 3513; baseline 0.003 -25"><span class='ocrx_word' id='word_1_203' title='bbox 467 3416 699 3491; x_wconf 84' lang='lat' dir='ltr'>sectus</span> <span class='ocrx_word' id='word_1_204' title='bbox 751 3417 1153 3492; x_wconf 89' lang='lat' dir='ltr'>multarum</span> <span class='ocrx_word' id='word_1_205' title='bbox 1219 3417 1784 3513; x_wconf 80' lang='lat' dir='ltr'>aegritudinum3</span> <span class='ocrx_word' id='word_1_206' title='bbox 1852 3438 1990 3492; x_wconf 90' lang='lat' dir='ltr'>nec</span> <span class='ocrx_word' id='word_1_207' title='bbox 2056 3438 2316 3492; x_wconf 91' lang='lat' dir='ltr'>omnes</span> <span class='ocrx_word' id='word_1_208' title='bbox 2378 3417 2814 3512; x_wconf 80' lang='lat' dir='ltr'>spirituales,</span> 
     </span>
     <span class='ocr_line' id='line_1_26' title="bbox 467 3537 2813 3634; baseline 0 -22"><span class='ocrx_word' id='word_1_209' title='bbox 467 3538 655 3612; x_wconf 90' lang='lat' dir='ltr'>sicut</span> <span class='ocrx_word' id='word_1_210' title='bbox 706 3538 1189 3634; x_wconf 85' lang='lat' dir='ltr'>ignorantiam</span> <span class='ocrx_word' id='word_1_211' title='bbox 1244 3545 1320 3612; x_wconf 93' lang='lat' dir='ltr'>et</span> <span class='ocrx_word' id='word_1_212' title='bbox 1369 3538 1845 3612; x_wconf 89' lang='lat' dir='ltr'>rebellionem</span> <span class='ocrx_word' id='word_1_213' title='bbox 1899 3539 2139 3612; x_wconf 92' lang='lat' dir='ltr'>carnis</span> <span class='ocrx_word' id='word_1_214' title='bbox 2178 3537 2271 3611; x_wconf 91' lang='lat' dir='ltr'>ad</span> <span class='ocrx_word' id='word_1_215' title='bbox 2311 3538 2669 3632; x_wconf 89' lang='lat' dir='ltr'>spiritum.</span> <span class='ocrx_word' id='word_1_216' title='bbox 2706 3537 2813 3612; x_wconf 86' lang='lat' dir='ltr'>Ad</span> 
     </span>
     <span class='ocr_line' id='line_1_27' title="bbox 467 3657 2813 3754; baseline 0.001 -24"><span class='ocrx_word' id='word_1_217' title='bbox 467 3657 756 3732; x_wconf 90' lang='lat' dir='ltr'>literam</span> <span class='ocrx_word' id='word_1_218' title='bbox 807 3678 1025 3754; x_wconf 89' lang='lat' dir='ltr'>ergo:</span> <span class='ocrx_word' id='word_1_219' title='bbox 1063 3657 1357 3732; x_wconf 85' lang='lat' dir='ltr'>Beatrix</span> <span class='ocrx_word' id='word_1_220' title='bbox 1412 3658 1652 3752; x_wconf 89' lang='lat' dir='ltr'>primo</span> <span class='ocrx_word' id='word_1_221' title='bbox 1704 3658 1877 3733; x_wconf 84' lang='lat' dir='ltr'>facit</span> <span class='ocrx_word' id='word_1_222' title='bbox 1925 3665 2265 3732; x_wconf 87' lang='lat' dir='ltr'>autorem</span> <span class='ocrx_word' id='word_1_223' title='bbox 2318 3664 2680 3732; x_wconf 90' lang='lat' dir='ltr'>attentum</span> <span class='ocrx_word' id='word_1_224' title='bbox 2719 3657 2813 3732; x_wconf 91' lang='lat' dir='ltr'>ad</span> 
     </span>
     <span class='ocr_line' id='line_1_28' title="bbox 465 3776 2813 3872; baseline -0.001 -22"><span class='ocrx_word' id='word_1_225' title='bbox 465 3777 538 3851; x_wconf 90' lang='lat' dir='ltr'>id</span> <span class='ocrx_word' id='word_1_226' title='bbox 588 3777 786 3872; x_wconf 88' lang='lat' dir='ltr'>quod</span> <span class='ocrx_word' id='word_1_227' title='bbox 835 3776 1080 3851; x_wconf 90' lang='lat' dir='ltr'>dicere</span> <span class='ocrx_word' id='word_1_228' title='bbox 1129 3776 1457 3870; x_wconf 89' lang='lat' dir='ltr'>intendit,</span> <span class='ocrx_word' id='word_1_229' title='bbox 1492 3776 1776 3851; x_wconf 87' lang='lat' dir='ltr'>dicens:</span> <span class='ocrx_word' id='word_1_230' title='bbox 1831 3781 1936 3851; x_wconf 89' lang='lat' dir='ltr'>Or</span> <span class='ocrx_word' id='word_1_231' title='bbox 1985 3781 2242 3851; x_wconf 83' lang='lat' dir='ltr'>drizza</span> <span class='ocrx_word' id='word_1_232' title='bbox 2284 3780 2341 3849; x_wconf 86' lang='lat' dir='ltr'>il</span> <span class='ocrx_word' id='word_1_233' title='bbox 2388 3781 2562 3868; x_wconf 80' lang='lat' dir='ltr'>viso,</span> <span class='ocrx_word' id='word_1_234' title='bbox 2603 3777 2813 3870; x_wconf 91' lang='lat' dir='ltr'>idest,</span> 
     </span>
     <span class='ocr_line' id='line_1_29' title="bbox 463 3894 2816 3992; baseline -0.001 -23"><span class='ocrx_word' id='word_1_235' title='bbox 463 3896 1035 3992; x_wconf 90' lang='lat' dir='ltr'>speculationem</span> <span class='ocrx_word' id='word_1_236' title='bbox 1079 3896 1671 3990; x_wconf 90' lang='lat' dir='ltr'>intellectualem,</span> <span class='ocrx_word' id='word_1_237' title='bbox 1711 3918 1762 3967; x_wconf 84' lang='lat' dir='ltr'>a</span> <span class='ocrx_word' id='word_1_238' title='bbox 1795 3899 2101 3987; x_wconf 73' lang='lat' dir='ltr'>quelche</span> <span class='ocrx_word' id='word_1_239' title='bbox 2148 3898 2212 3968; x_wconf 83' lang='lat' dir='ltr'>si</span> <span class='ocrx_word' id='word_1_240' title='bbox 2257 3899 2592 3986; x_wconf 68' lang='lat' dir='ltr'>rayiona,</span> <span class='ocrx_word' id='word_1_241' title='bbox 2630 3894 2816 3969; x_wconf 90' lang='lat' dir='ltr'>idest</span> 
     </span>
     <span class='ocr_line' id='line_1_30' title="bbox 466 4014 2812 4110; baseline -0 -21"><span class='ocrx_word' id='word_1_242' title='bbox 466 4016 796 4110; x_wconf 89' lang='lat' dir='ltr'>sequitur</span> <span class='ocrx_word' id='word_1_243' title='bbox 862 4035 996 4110; x_wconf 91' lang='lat' dir='ltr'>per</span> <span class='ocrx_word' id='word_1_244' title='bbox 1070 4015 1741 4090; x_wconf 88' lang='lat' dir='ltr'>ratiocinationem:</span> <span class='ocrx_word' id='word_1_245' title='bbox 1811 4023 2049 4108; x_wconf 79' lang='lat' dir='ltr'>questa</span> <span class='ocrx_word' id='word_1_246' title='bbox 2119 4021 2419 4108; x_wconf 81' lang='lat' dir='ltr'>natura,</span> <span class='ocrx_word' id='word_1_247' title='bbox 2501 4014 2812 4109; x_wconf 88' lang='lat' dir='ltr'>scilicet,</span> 
     </span>
     <span class='ocr_line' id='line_1_31' title="bbox 465 4136 2811 4230; baseline 0.001 -23"><span class='ocrx_word' id='word_1_248' title='bbox 465 4136 815 4228; x_wconf 90' lang='lat' dir='ltr'>humana,</span> <span class='ocrx_word' id='word_1_249' title='bbox 862 4139 1059 4209; x_wconf 82' lang='lat' dir='ltr'>unita</span> <span class='ocrx_word' id='word_1_250' title='bbox 1126 4138 1208 4209; x_wconf 85' lang='lat' dir='ltr'>al</span> <span class='ocrx_word' id='word_1_251' title='bbox 1260 4157 1388 4209; x_wconf 80' lang='lat' dir='ltr'>suo</span> <span class='ocrx_word' id='word_1_252' title='bbox 1439 4141 1745 4230; x_wconf 78' lang='lat' dir='ltr'>Falcore,</span> <span class='ocrx_word' id='word_1_253' title='bbox 1804 4137 2076 4211; x_wconf 90' lang='lat' dir='ltr'>scilicet</span> <span class='ocrx_word' id='word_1_254' title='bbox 2136 4138 2291 4211; x_wconf 91' lang='lat' dir='ltr'>Deo</span> <span class='ocrx_word' id='word_1_255' title='bbox 2360 4136 2433 4207; x_wconf 91' lang='lat' dir='ltr'>in</span> <span class='ocrx_word' id='word_1_256' title='bbox 2498 4155 2811 4229; x_wconf 87' lang='lat' dir='ltr'>persona</span> 
     </span>
    </p>
   </div>
   <div class='ocr_carea' id='block_1_5' title="bbox 466 4252 2943 4350">
    <p class='ocr_par' dir='ltr' id='par_1_5' title="bbox 466 4252 2943 4350">
     <span class='ocr_line' id='line_1_32' title="bbox 466 4252 2943 4350; baseline 0.002 -24"><span class='ocrx_word' id='word_1_257' title='bbox 466 4252 584 4326; x_wconf 86' lang='lat' dir='ltr'>filii</span> <span class='ocrx_word' id='word_1_258' title='bbox 639 4273 768 4347; x_wconf 92' lang='lat' dir='ltr'>per</span> <span class='ocrx_word' id='word_1_259' title='bbox 820 4275 1039 4347; x_wconf 91' lang='lat' dir='ltr'>quem</span> <span class='ocrx_word' id='word_1_260' title='bbox 1095 4256 1339 4330; x_wconf 89' lang='lat' dir='ltr'>omnia</span> <span class='ocrx_word' id='word_1_261' title='bbox 1397 4256 1583 4330; x_wconf 84' lang='lat' dir='ltr'>facta</span> <span class='ocrx_word' id='word_1_262' title='bbox 1635 4262 1829 4350; x_wconf 90' lang='lat' dir='ltr'>sunt,</span> <span class='ocrx_word' id='word_1_263' title='bbox 1886 4260 1968 4349; x_wconf 79' lang='lat' dir='ltr'>fu</span> <span class='ocrx_word' id='word_1_264' title='bbox 2030 4259 2333 4348; x_wconf 78' lang='lat' dir='ltr'>sincera,</span> <span class='ocrx_word' id='word_1_265' title='bbox 2401 4255 2605 4348; x_wconf 92' lang='lat' dir='ltr'>idest,</span> <span class='ocrx_word' id='word_1_266' title='bbox 2657 4255 2816 4330; x_wconf 89' lang='lat' dir='ltr'>sine</span> <span class='ocrx_word' id='word_1_267' title='bbox 2936 4307 2943 4316; x_wconf 88' lang='lat'><em>-</em></span> 
     </span>
    </p>
   </div>
   <div class='ocr_carea' id='block_1_6' title="bbox 459 4373 2810 4711">
    <p class='ocr_par' dir='ltr' id='par_1_6' title="bbox 459 4373 2810 4711">
     <span class='ocr_line' id='line_1_33' title="bbox 465 4373 2810 4469; baseline 0.001 -22"><span class='ocrx_word' id='word_1_268' title='bbox 465 4373 753 4447; x_wconf 92' lang='lat' dir='ltr'>macula</span> <span class='ocrx_word' id='word_1_269' title='bbox 806 4373 1065 4467; x_wconf 86' lang='lat' dir='ltr'>carnis,</span> <span class='ocrx_word' id='word_1_270' title='bbox 1118 4396 1155 4446; x_wconf 85' lang='lat' dir='ltr'>e</span> <span class='ocrx_word' id='word_1_271' title='bbox 1202 4378 1460 4469; x_wconf 67' lang='lat' dir='ltr'>bunna,</span> <span class='ocrx_word' id='word_1_272' title='bbox 1515 4376 1696 4469; x_wconf 88' lang='lat' dir='ltr'>talis,</span> <span class='ocrx_word' id='word_1_273' title='bbox 1752 4379 1924 4466; x_wconf 83' lang='lat' dir='ltr'>qual</span> <span class='ocrx_word' id='word_1_274' title='bbox 1961 4379 2043 4469; x_wconf 84' lang='lat' dir='ltr'>fu</span> <span class='ocrx_word' id='word_1_275' title='bbox 2093 4383 2362 4467; x_wconf 80' lang='lat' dir='ltr'>creata,</span> <span class='ocrx_word' id='word_1_276' title='bbox 2415 4375 2687 4450; x_wconf 89' lang='lat' dir='ltr'>scilicet</span> <span class='ocrx_word' id='word_1_277' title='bbox 2733 4375 2810 4450; x_wconf 93' lang='lat' dir='ltr'>in</span> 
     </span>
     <span class='ocr_line' id='line_1_34' title="bbox 459 4493 2810 4591; baseline 0 -24"><span class='ocrx_word' id='word_1_278' title='bbox 459 4493 734 4588; x_wconf 84' lang='lat' dir='ltr'>Adam3</span> <span class='ocrx_word' id='word_1_279' title='bbox 788 4513 908 4564; x_wconf 88' lang='lat' dir='ltr'>ma</span> <span class='ocrx_word' id='word_1_280' title='bbox 956 4496 1118 4586; x_wconf 84' lang='lat' dir='ltr'>ella,</span> <span class='ocrx_word' id='word_1_281' title='bbox 1153 4495 1422 4569; x_wconf 90' lang='lat' dir='ltr'>scilicet</span> <span class='ocrx_word' id='word_1_282' title='bbox 1474 4504 1764 4591; x_wconf 89' lang='lat' dir='ltr'>natura,</span> <span class='ocrx_word' id='word_1_283' title='bbox 1809 4501 1892 4591; x_wconf 79' lang='lat' dir='ltr'>su</span> <span class='ocrx_word' id='word_1_284' title='bbox 1939 4497 2268 4570; x_wconf 80' lang='lat' dir='ltr'>sbandica</span> <span class='ocrx_word' id='word_1_285' title='bbox 2309 4499 2384 4570; x_wconf 82' lang='lat' dir='ltr'>di</span> <span class='ocrx_word' id='word_1_286' title='bbox 2421 4499 2810 4587; x_wconf 73' lang='lat' dir='ltr'>paradiso,</span> 
     </span>
     <span class='ocr_line' id='line_1_35' title="bbox 461 4613 2810 4711; baseline 0.001 -24"><span class='ocrx_word' id='word_1_287' title='bbox 461 4615 666 4710; x_wconf 84' lang='lat' dir='ltr'>idest,</span> <span class='ocrx_word' id='word_1_288' title='bbox 721 4613 1043 4709; x_wconf 90' lang='lat' dir='ltr'>relegata</span> <span class='ocrx_word' id='word_1_289' title='bbox 1093 4635 1136 4688; x_wconf 93' lang='lat' dir='ltr'>a</span> <span class='ocrx_word' id='word_1_290' title='bbox 1190 4614 1529 4692; x_wconf 83' lang='lat' dir='ltr'>felicitate</span> <span class='ocrx_word' id='word_1_291' title='bbox 1575 4616 1668 4691; x_wconf 93' lang='lat' dir='ltr'>ad</span> <span class='ocrx_word' id='word_1_292' title='bbox 1721 4637 1948 4711; x_wconf 91' lang='lat' dir='ltr'>quam</span> <span class='ocrx_word' id='word_1_293' title='bbox 2002 4625 2164 4693; x_wconf 90' lang='lat' dir='ltr'>erat</span> <span class='ocrx_word' id='word_1_294' title='bbox 2198 4624 2472 4710; x_wconf 88' lang='lat' dir='ltr'>creata,</span> <span class='ocrx_word' id='word_1_295' title='bbox 2501 4638 2645 4709; x_wconf 82' lang='lat' dir='ltr'>pur</span> <span class='ocrx_word' id='word_1_296' title='bbox 2677 4637 2810 4709; x_wconf 79' lang='lat' dir='ltr'>per</span> 
     </span>
    </p>
   </div>
   <div class='ocr_carea' id='block_1_7' title="bbox 722 4753 2545 4800">
    <p class='ocr_par' dir='ltr' id='par_1_7' title="bbox 722 4753 2545 4800">
     <span class='ocr_line' id='line_1_36' title="bbox 722 4753 2545 4800; baseline 0.001 -3"><span class='ocrx_word' id='word_1_297' title='bbox 722 4753 798 4797; x_wconf 75' lang='lat' dir='ltr'>lv.</span> <span class='ocrx_word' id='word_1_298' title='bbox 2487 4756 2545 4800; x_wconf 77' lang='lat'>80</span> 
     </span>
    </p>
   </div>
  </div>
 </body>
</html>
