<?xml version="1.0" encoding="UTF-8"?>
<!DOCTYPE html PUBLIC "-//W3C//DTD XHTML 1.0 Transitional//EN"
    "http://www.w3.org/TR/xhtml1/DTD/xhtml1-transitional.dtd">
<html xmlns="http://www.w3.org/1999/xhtml" xml:lang="en" lang="en">
 <head>
  <title>
</title>
<meta http-equiv="Content-Type" content="text/html;charset=utf-8" />
  <meta name='ocr-system' content='tesseract 3.04.00' />
  <meta name='ocr-capabilities' content='ocr_page ocr_carea ocr_par ocr_line ocrx_word'/>
</head>
<body>
  <div class='ocr_page' id='page_1' title='image "benevenutideram02lacagoog_0294.png"; bbox 0 0 3734 5567; ppageno 0'>
   <div class='ocr_carea' id='block_1_1' title="bbox 909 427 2526 516">
    <p class='ocr_par' dir='ltr' id='par_1_1' title="bbox 909 427 2526 516">
     <span class='ocr_line' id='line_1_1' title="bbox 909 427 2526 516; baseline -0.004 0"><span class='ocrx_word' id='word_1_1' title='bbox 909 449 1054 516; x_wconf 81' lang='grc'><strong>284</strong></span> <span class='ocrx_word' id='word_1_2' title='bbox 1181 427 1194 438; x_wconf 66' lang='grc'><strong><em>’</em></strong></span> <span class='ocrx_word' id='word_1_3' title='bbox 1626 456 2037 512; x_wconf 76' lang='grc' dir='ltr'>οοΜΕΝΤυΜ</span> <span class='ocrx_word' id='word_1_4' title='bbox 2085 457 2526 513; x_wconf 71' lang='lat' dir='ltr'><strong>Puncssonu</strong></span> 
     </span>
    </p>
   </div>
   <div class='ocr_carea' id='block_1_2' title="bbox 902 596 3253 4407">
    <p class='ocr_par' dir='ltr' id='par_1_2' title="bbox 902 596 3253 4407">
     <span class='ocr_line' id='line_1_2' title="bbox 906 596 3250 699; baseline -0.002 -19"><span class='ocrx_word' id='word_1_5' title='bbox 906 606 1095 680; x_wconf 91' lang='lat' dir='ltr'><strong>sicut</strong></span> <span class='ocrx_word' id='word_1_6' title='bbox 1144 605 1701 699; x_wconf 81' lang='lat' dir='ltr'><strong>Hieronymum,</strong></span> <span class='ocrx_word' id='word_1_7' title='bbox 1750 603 2244 699; x_wconf 85' lang='lat' dir='ltr'><strong>Augustinum</strong></span> <span class='ocrx_word' id='word_1_8' title='bbox 2297 609 2461 694; x_wconf 89' lang='lat' dir='ltr'><strong>etc.,</strong></span> <span class='ocrx_word' id='word_1_9' title='bbox 2512 603 2632 673; x_wconf 76' lang='lat' dir='ltr'><strong>che</strong></span> <span class='ocrx_word' id='word_1_10' title='bbox 2680 621 2907 692; x_wconf 80' lang='lat' dir='ltr'><strong>acqua</strong></span> <span class='ocrx_word' id='word_1_11' title='bbox 2940 596 2982 675; x_wconf 65' lang='lat' dir='ltr'><strong>e*</strong></span> <span class='ocrx_word' id='word_1_12' title='bbox 3010 609 3250 693; x_wconf 76' lang='lat' dir='ltr'><strong>questa</strong></span> 
     </span>
     <span class='ocr_line' id='line_1_3' title="bbox 902 721 3249 818; baseline -0.001 -19"><span class='ocrx_word' id='word_1_13' title='bbox 902 729 1025 800; x_wconf 76' lang='lat' dir='ltr'><strong>che</strong></span> <span class='ocrx_word' id='word_1_14' title='bbox 1071 728 1134 798; x_wconf 81' lang='lat' dir='ltr'><strong>si</strong></span> <span class='ocrx_word' id='word_1_15' title='bbox 1180 727 1472 817; x_wconf 70' lang='lat' dir='ltr'><strong>disleqa,</strong></span> <span class='ocrx_word' id='word_1_16' title='bbox 1524 723 1729 818; x_wconf 92' lang='lat' dir='ltr'><strong>idest,</strong></span> <span class='ocrx_word' id='word_1_17' title='bbox 1780 723 2114 818; x_wconf 84' lang='lat' dir='ltr'><strong>solvitur,</strong></span> <span class='ocrx_word' id='word_1_18' title='bbox 2178 723 2294 798; x_wconf 88' lang='lat' dir='ltr'><strong>vel</strong></span> <span class='ocrx_word' id='word_1_19' title='bbox 2355 721 2761 796; x_wconf 91' lang='lat' dir='ltr'><strong>secundum</strong></span> <span class='ocrx_word' id='word_1_20' title='bbox 2814 721 3034 796; x_wconf 91' lang='lat' dir='ltr'><strong>aliam</strong></span> <span class='ocrx_word' id='word_1_21' title='bbox 3088 722 3249 796; x_wconf 87' lang='lat' dir='ltr'><strong>lite-</strong></span> 
     </span>
     <span class='ocr_line' id='line_1_4' title="bbox 909 841 3243 939; baseline -0.002 -20"><span class='ocrx_word' id='word_1_22' title='bbox 909 867 1092 939; x_wconf 92' lang='lat' dir='ltr'><strong>ram,</strong></span> <span class='ocrx_word' id='word_1_23' title='bbox 1142 848 1205 917; x_wconf 85' lang='lat' dir='ltr'><strong>si</strong></span> <span class='ocrx_word' id='word_1_24' title='bbox 1251 846 1566 937; x_wconf 70' lang='lat' dir='ltr'><strong>dispieya</strong></span> <span class='ocrx_word' id='word_1_25' title='bbox 1614 846 1733 934; x_wconf 80' lang='lat' dir='ltr'><strong>qui</strong></span> <span class='ocrx_word' id='word_1_26' title='bbox 1779 845 1878 915; x_wconf 84' lang='lat' dir='ltr'><strong>da</strong></span> <span class='ocrx_word' id='word_1_27' title='bbox 1927 863 2025 916; x_wconf 82' lang='lat' dir='ltr'><strong>un</strong></span> <span class='ocrx_word' id='word_1_28' title='bbox 2064 845 2441 936; x_wconf 73' lang='lat' dir='ltr'><strong><em>principie,</em></strong></span> <span class='ocrx_word' id='word_1_29' title='bbox 2493 841 2621 915; x_wconf 89' lang='lat' dir='ltr'><strong>ubi</strong></span> <span class='ocrx_word' id='word_1_30' title='bbox 2686 848 2798 915; x_wconf 91' lang='lat' dir='ltr'><strong>est</strong></span> <span class='ocrx_word' id='word_1_31' title='bbox 2849 842 3243 916; x_wconf 83' lang='lat' dir='ltr'><strong>thesaurus</strong></span> 
     </span>
     <span class='ocr_line' id='line_1_5' title="bbox 905 954 3243 1060; baseline -0.002 -20"><span class='ocrx_word' id='word_1_32' title='bbox 905 974 983 1042; x_wconf 89' lang='lat' dir='ltr'><strong>et</strong></span> <span class='ocrx_word' id='word_1_33' title='bbox 1013 965 1216 1060; x_wconf 92' lang='lat' dir='ltr'><strong>copia</strong></span> <span class='ocrx_word' id='word_1_34' title='bbox 1252 984 1620 1058; x_wconf 90' lang='lat' dir='ltr'><strong>aquarum</strong></span> <span class='ocrx_word' id='word_1_35' title='bbox 1655 962 2247 1057; x_wconf 89' lang='lat' dir='ltr'><strong>indeficientium,</strong></span> <span class='ocrx_word' id='word_1_36' title='bbox 2283 984 2320 1035; x_wconf 86' lang='lat' dir='ltr'><strong>e</strong></span> <span class='ocrx_word' id='word_1_37' title='bbox 2352 957 2431 1036; x_wconf 72' lang='lat' dir='ltr'><strong>se*</strong></span> <span class='ocrx_word' id='word_1_38' title='bbox 2451 964 2549 1034; x_wconf 85' lang='lat' dir='ltr'><strong>da</strong></span> <span class='ocrx_word' id='word_1_39' title='bbox 2580 954 2660 1035; x_wconf 65' lang='lat' dir='ltr'><strong>se*</strong></span> <span class='ocrx_word' id='word_1_40' title='bbox 2685 964 3033 1034; x_wconf 83' lang='lat' dir='ltr'><strong>lontana?</strong></span> <span class='ocrx_word' id='word_1_41' title='bbox 3068 962 3243 1056; x_wconf 87' lang='lat' dir='ltr'><strong>quia</strong></span> 
     </span>
     <span class='ocr_line' id='line_1_6' title="bbox 910 1081 3249 1179; baseline 0 -23"><span class='ocrx_word' id='word_1_42' title='bbox 910 1104 1181 1179; x_wconf 88' lang='lat' dir='ltr'><strong>magno</strong></span> <span class='ocrx_word' id='word_1_43' title='bbox 1221 1082 1450 1178; x_wconf 89' lang='lat' dir='ltr'><strong>spatio</strong></span> <span class='ocrx_word' id='word_1_44' title='bbox 1487 1083 1928 1177; x_wconf 82' lang='lat' dir='ltr'><strong>elongantur</strong></span> <span class='ocrx_word' id='word_1_45' title='bbox 1977 1082 2073 1156; x_wconf 90' lang='lat' dir='ltr'><strong>ab</strong></span> <span class='ocrx_word' id='word_1_46' title='bbox 2123 1081 2436 1156; x_wconf 89' lang='lat' dir='ltr'><strong>invicem</strong></span> <span class='ocrx_word' id='word_1_47' title='bbox 2473 1081 2607 1155; x_wconf 89' lang='lat' dir='ltr'><strong>ista</strong></span> <span class='ocrx_word' id='word_1_48' title='bbox 2658 1081 2986 1176; x_wconf 88' lang='lat' dir='ltr'><strong>flumina,</strong></span> <span class='ocrx_word' id='word_1_49' title='bbox 3031 1087 3106 1157; x_wconf 94' lang='lat' dir='ltr'><strong>et</strong></span> <span class='ocrx_word' id='word_1_50' title='bbox 3138 1082 3249 1156; x_wconf 85' lang='lat' dir='ltr'><strong>al-</strong></span> 
     </span>
     <span class='ocr_line' id='line_1_7' title="bbox 912 1200 3247 1295; baseline -0.001 -17"><span class='ocrx_word' id='word_1_51' title='bbox 912 1208 1157 1278; x_wconf 87' lang='lat' dir='ltr'><strong>terum</strong></span> <span class='ocrx_word' id='word_1_52' title='bbox 1209 1202 1504 1295; x_wconf 91' lang='lat' dir='ltr'><strong>quidem</strong></span> <span class='ocrx_word' id='word_1_53' title='bbox 1567 1201 1791 1276; x_wconf 91' lang='lat' dir='ltr'><strong>tendit</strong></span> <span class='ocrx_word' id='word_1_54' title='bbox 1858 1221 2119 1275; x_wconf 88' lang='lat' dir='ltr'><strong>versus</strong></span> <span class='ocrx_word' id='word_1_55' title='bbox 2168 1200 2554 1293; x_wconf 87' lang='lat' dir='ltr'><strong>orientem,</strong></span> <span class='ocrx_word' id='word_1_56' title='bbox 2605 1200 2921 1274; x_wconf 86' lang='lat' dir='ltr'><strong>alterum</strong></span> <span class='ocrx_word' id='word_1_57' title='bbox 2990 1221 3247 1276; x_wconf 85' lang='lat' dir='ltr'><strong>versus</strong></span> 
     </span>
     <span class='ocr_line' id='line_1_8' title="bbox 908 1320 3247 1415; baseline 0 -20"><span class='ocrx_word' id='word_1_58' title='bbox 908 1321 1407 1396; x_wconf 74' lang='lat' dir='ltr'><strong>occidentem?</strong></span> <span class='ocrx_word' id='word_1_59' title='bbox 1457 1321 1544 1394; x_wconf 91' lang='lat' dir='ltr'><strong>Et</strong></span> <span class='ocrx_word' id='word_1_60' title='bbox 1575 1320 1818 1394; x_wconf 87' lang='lat' dir='ltr'><strong>subdit</strong></span> <span class='ocrx_word' id='word_1_61' title='bbox 1855 1321 2404 1415; x_wconf 86' lang='lat' dir='ltr'><strong>responsionem</strong></span> <span class='ocrx_word' id='word_1_62' title='bbox 2442 1320 2790 1394; x_wconf 90' lang='lat' dir='ltr'><strong>Beatricis</strong></span> <span class='ocrx_word' id='word_1_63' title='bbox 2825 1340 2995 1413; x_wconf 84' lang='lat' dir='ltr'><strong>quae</strong></span> <span class='ocrx_word' id='word_1_64' title='bbox 3037 1341 3247 1395; x_wconf 90' lang='lat' dir='ltr'><strong>com-</strong></span> 
     </span>
     <span class='ocr_line' id='line_1_9' title="bbox 912 1440 3248 1536; baseline 0 -22"><span class='ocrx_word' id='word_1_65' title='bbox 912 1441 1131 1515; x_wconf 79' lang='lat' dir='ltr'><strong>mittit</strong></span> <span class='ocrx_word' id='word_1_66' title='bbox 1182 1440 1412 1514; x_wconf 90' lang='lat' dir='ltr'><strong>vicem</strong></span> <span class='ocrx_word' id='word_1_67' title='bbox 1466 1461 1677 1514; x_wconf 92' lang='lat' dir='ltr'><strong>suam</strong></span> <span class='ocrx_word' id='word_1_68' title='bbox 1712 1441 1924 1516; x_wconf 91' lang='lat' dir='ltr'><strong>alteri</strong></span> <span class='ocrx_word' id='word_1_69' title='bbox 1958 1440 2274 1515; x_wconf 86' lang='lat' dir='ltr'><strong>dominae</strong></span> <span class='ocrx_word' id='word_1_70' title='bbox 2307 1461 2475 1536; x_wconf 85' lang='lat' dir='ltr'><strong>quae</strong></span> <span class='ocrx_word' id='word_1_71' title='bbox 2508 1440 2834 1515; x_wconf 80' lang='lat' dir='ltr'><strong>declarat</strong></span> <span class='ocrx_word' id='word_1_72' title='bbox 2877 1441 3112 1535; x_wconf 91' lang='lat' dir='ltr'><strong>ipsum</strong></span> <span class='ocrx_word' id='word_1_73' title='bbox 3154 1440 3248 1515; x_wconf 91' lang='lat' dir='ltr'><strong>de</strong></span> 
     </span>
     <span class='ocr_line' id='line_1_10' title="bbox 911 1560 3248 1656; baseline 0 -21"><span class='ocrx_word' id='word_1_74' title='bbox 911 1582 996 1637; x_wconf 89' lang='lat' dir='ltr'><strong>re</strong></span> <span class='ocrx_word' id='word_1_75' title='bbox 1044 1562 1301 1656; x_wconf 84' lang='lat' dir='ltr'><strong>petita3</strong></span> <span class='ocrx_word' id='word_1_76' title='bbox 1351 1560 1521 1635; x_wconf 88' lang='lat' dir='ltr'><strong>dicit</strong></span> <span class='ocrx_word' id='word_1_77' title='bbox 1571 1580 1792 1656; x_wconf 88' lang='lat' dir='ltr'><strong>ergo:</strong></span> <span class='ocrx_word' id='word_1_78' title='bbox 1829 1564 2010 1634; x_wconf 78' lang='lat' dir='ltr'><strong>detto</strong></span> <span class='ocrx_word' id='word_1_79' title='bbox 2050 1564 2148 1634; x_wconf 89' lang='lat' dir='ltr'><strong>mi</strong></span> <span class='ocrx_word' id='word_1_80' title='bbox 2177 1565 2289 1655; x_wconf 82' lang='lat' dir='ltr'><strong>su,</strong></span> <span class='ocrx_word' id='word_1_81' title='bbox 2323 1561 2616 1654; x_wconf 90' lang='lat' dir='ltr'><strong>scilicet,</strong></span> <span class='ocrx_word' id='word_1_82' title='bbox 2650 1582 2694 1634; x_wconf 93' lang='lat' dir='ltr'><strong>a</strong></span> <span class='ocrx_word' id='word_1_83' title='bbox 2728 1560 3085 1655; x_wconf 90' lang='lat' dir='ltr'><strong>Beatrice,</strong></span> <span class='ocrx_word' id='word_1_84' title='bbox 3115 1582 3248 1653; x_wconf 84' lang='lat' dir='ltr'><strong>per</strong></span> 
     </span>
     <span class='ocr_line' id='line_1_11' title="bbox 907 1679 3245 1776; baseline -0 -21"><span class='ocrx_word' id='word_1_85' title='bbox 907 1685 1094 1755; x_wconf 80' lang='lat' dir='ltr'><strong>cotal</strong></span> <span class='ocrx_word' id='word_1_86' title='bbox 1131 1701 1383 1773; x_wconf 69' lang='lat' dir='ltr'><strong>preqo,</strong></span> <span class='ocrx_word' id='word_1_87' title='bbox 1434 1679 1638 1773; x_wconf 93' lang='lat' dir='ltr'><strong>idest,</strong></span> <span class='ocrx_word' id='word_1_88' title='bbox 1676 1679 1848 1773; x_wconf 91' lang='lat' dir='ltr'><strong>quia</strong></span> <span class='ocrx_word' id='word_1_89' title='bbox 1893 1686 2044 1754; x_wconf 86' lang='lat' dir='ltr'><strong>tam</strong></span> <span class='ocrx_word' id='word_1_90' title='bbox 2077 1680 2479 1755; x_wconf 80' lang='lat' dir='ltr'><strong>affectuose</strong></span> <span class='ocrx_word' id='word_1_91' title='bbox 2511 1699 2952 1775; x_wconf 78' lang='lat' dir='ltr'><strong>rogaveram</strong></span> <span class='ocrx_word' id='word_1_92' title='bbox 2990 1681 3245 1776; x_wconf 90' lang='lat' dir='ltr'><strong>ipsam,</strong></span> 
     </span>
     <span class='ocr_line' id='line_1_12' title="bbox 903 1798 3243 1894; baseline 0 -20"><span class='ocrx_word' id='word_1_93' title='bbox 903 1822 1131 1894; x_wconf 73' lang='lat' dir='ltr'><strong>preya</strong></span> <span class='ocrx_word' id='word_1_94' title='bbox 1173 1803 1507 1892; x_wconf 80' lang='lat' dir='ltr'><strong>Matelda,</strong></span> <span class='ocrx_word' id='word_1_95' title='bbox 1539 1799 1911 1874; x_wconf 89' lang='lat' dir='ltr'><strong>dominam</strong></span> <span class='ocrx_word' id='word_1_96' title='bbox 1949 1820 2118 1893; x_wconf 86' lang='lat' dir='ltr'><strong>quae</strong></span> <span class='ocrx_word' id='word_1_97' title='bbox 2165 1798 2499 1894; x_wconf 90' lang='lat' dir='ltr'><strong>sequitur</strong></span> <span class='ocrx_word' id='word_1_98' title='bbox 2537 1819 2679 1892; x_wconf 90' lang='lat' dir='ltr'><strong>me,</strong></span> <span class='ocrx_word' id='word_1_99' title='bbox 2716 1803 2836 1872; x_wconf 76' lang='lat' dir='ltr'><strong>che</strong></span> <span class='ocrx_word' id='word_1_100' title='bbox 2869 1803 2920 1873; x_wconf 85' lang='lat' dir='ltr'><strong>’l</strong></span> <span class='ocrx_word' id='word_1_101' title='bbox 2966 1803 3018 1874; x_wconf 71' lang='lat' dir='ltr'><strong>u·</strong></span> <span class='ocrx_word' id='word_1_102' title='bbox 3064 1803 3243 1874; x_wconf 80' lang='lat' dir='ltr'><strong>dica.</strong></span> 
     </span>
     <span class='ocr_line' id='line_1_13' title="bbox 907 1918 3249 2012; baseline 0 -18"><span class='ocrx_word' id='word_1_103' title='bbox 907 1922 995 1994; x_wconf 90' lang='lat' dir='ltr'><strong>Et</strong></span> <span class='ocrx_word' id='word_1_104' title='bbox 1043 1921 1159 1994; x_wconf 87' lang='lat' dir='ltr'><strong>hic</strong></span> <span class='ocrx_word' id='word_1_105' title='bbox 1210 1926 1405 2012; x_wconf 90' lang='lat' dir='ltr'><strong>nota,</strong></span> <span class='ocrx_word' id='word_1_106' title='bbox 1446 1921 1702 2010; x_wconf 89' lang='lat' dir='ltr'><strong>lector,</strong></span> <span class='ocrx_word' id='word_1_107' title='bbox 1738 1919 1938 2012; x_wconf 90' lang='lat' dir='ltr'><strong>quod</strong></span> <span class='ocrx_word' id='word_1_108' title='bbox 1990 1919 2255 1994; x_wconf 91' lang='lat' dir='ltr'><strong>merito</strong></span> <span class='ocrx_word' id='word_1_109' title='bbox 2295 1918 2587 1992; x_wconf 84' lang='lat' dir='ltr'><strong>Beatrix</strong></span> <span class='ocrx_word' id='word_1_110' title='bbox 2633 1918 3020 1992; x_wconf 85' lang='lat' dir='ltr'><strong>committit</strong></span> <span class='ocrx_word' id='word_1_111' title='bbox 3060 1920 3249 1995; x_wconf 91' lang='lat' dir='ltr'><strong>istud</strong></span> 
     </span>
     <span class='ocr_line' id='line_1_14' title="bbox 909 2019 3247 2136; baseline -0.001 -23"><span class='ocrx_word' id='word_1_112' title='bbox 909 2040 1282 2136; x_wconf 80' lang='lat' dir='ltr'><strong>negotium</strong></span> <span class='ocrx_word' id='word_1_113' title='bbox 1357 2019 1668 2112; x_wconf 77' lang='lat' dir='ltr'><strong>Mathildi</strong></span> <span class='ocrx_word' id='word_1_114' title='bbox 1721 2046 2102 2131; x_wconf 89' lang='lat' dir='ltr'><strong>tamquam</strong></span> <span class='ocrx_word' id='word_1_115' title='bbox 2178 2057 2333 2111; x_wconf 83' lang='lat' dir='ltr'><strong>suae</strong></span> <span class='ocrx_word' id='word_1_116' title='bbox 2405 2038 2869 2134; x_wconf 89' lang='lat' dir='ltr'><strong>negotiorum</strong></span> <span class='ocrx_word' id='word_1_117' title='bbox 2932 2038 3247 2134; x_wconf 86' lang='lat' dir='ltr'><strong>gestrici,</strong></span> 
     </span>
     <span class='ocr_line' id='line_1_15' title="bbox 913 2156 3249 2254; baseline 0 -24"><span class='ocrx_word' id='word_1_118' title='bbox 913 2178 1085 2250; x_wconf 82' lang='lat' dir='ltr'><strong>quae</strong></span> <span class='ocrx_word' id='word_1_119' title='bbox 1126 2158 1282 2252; x_wconf 89' lang='lat' dir='ltr'><strong>jam</strong></span> <span class='ocrx_word' id='word_1_120' title='bbox 1340 2162 1700 2231; x_wconf 88' lang='lat' dir='ltr'><strong>merserat</strong></span> <span class='ocrx_word' id='word_1_121' title='bbox 1750 2163 2041 2250; x_wconf 92' lang='lat' dir='ltr'><strong>poetam</strong></span> <span class='ocrx_word' id='word_1_122' title='bbox 2096 2156 2169 2229; x_wconf 90' lang='lat' dir='ltr'><strong>in</strong></span> <span class='ocrx_word' id='word_1_123' title='bbox 2219 2156 2542 2250; x_wconf 84' lang='lat' dir='ltr'><strong>Lethaeo,</strong></span> <span class='ocrx_word' id='word_1_124' title='bbox 2590 2162 2664 2230; x_wconf 89' lang='lat' dir='ltr'><strong>et</strong></span> <span class='ocrx_word' id='word_1_125' title='bbox 2715 2177 2913 2231; x_wconf 90' lang='lat' dir='ltr'><strong>nunc</strong></span> <span class='ocrx_word' id='word_1_126' title='bbox 2963 2164 3249 2254; x_wconf 83' lang='lat' dir='ltr'><strong>merget</strong></span> 
     </span>
     <span class='ocr_line' id='line_1_16' title="bbox 914 2275 3249 2371; baseline 0.003 -23"><span class='ocrx_word' id='word_1_127' title='bbox 914 2276 1151 2371; x_wconf 91' lang='lat' dir='ltr'><strong>ipsum</strong></span> <span class='ocrx_word' id='word_1_128' title='bbox 1206 2277 1278 2349; x_wconf 91' lang='lat' dir='ltr'><strong>in</strong></span> <span class='ocrx_word' id='word_1_129' title='bbox 1327 2277 1620 2351; x_wconf 89' lang='lat' dir='ltr'><strong>Eunoe:</strong></span> <span class='ocrx_word' id='word_1_130' title='bbox 1658 2276 1791 2350; x_wconf 80' lang='lat' dir='ltr'><strong>suit</strong></span> <span class='ocrx_word' id='word_1_131' title='bbox 1826 2276 2020 2350; x_wconf 91' lang='lat' dir='ltr'><strong>enim</strong></span> <span class='ocrx_word' id='word_1_132' title='bbox 2059 2275 2327 2350; x_wconf 90' lang='lat' dir='ltr'><strong>mulier</strong></span> <span class='ocrx_word' id='word_1_133' title='bbox 2360 2276 2597 2350; x_wconf 84' lang='lat' dir='ltr'><strong>activa</strong></span> <span class='ocrx_word' id='word_1_134' title='bbox 2633 2277 2950 2354; x_wconf 88' lang='lat' dir='ltr'><strong>multum</strong></span> <span class='ocrx_word' id='word_1_135' title='bbox 2993 2285 3068 2353; x_wconf 91' lang='lat' dir='ltr'><strong>et</strong></span> <span class='ocrx_word' id='word_1_136' title='bbox 3104 2279 3249 2354; x_wconf 85' lang='lat' dir='ltr'><strong>vir-</strong></span> 
     </span>
     <span class='ocr_line' id='line_1_17' title="bbox 909 2396 3249 2491; baseline 0.001 -21"><span class='ocrx_word' id='word_1_137' title='bbox 909 2404 1156 2470; x_wconf 90' lang='lat' dir='ltr'><strong>tutum</strong></span> <span class='ocrx_word' id='word_1_138' title='bbox 1204 2397 1545 2490; x_wconf 82' lang='lat' dir='ltr'><strong>amatrix,</strong></span> <span class='ocrx_word' id='word_1_139' title='bbox 1589 2397 1682 2471; x_wconf 91' lang='lat' dir='ltr'><strong>de</strong></span> <span class='ocrx_word' id='word_1_140' title='bbox 1731 2418 1879 2491; x_wconf 90' lang='lat' dir='ltr'><strong>qua</strong></span> <span class='ocrx_word' id='word_1_141' title='bbox 1920 2398 2077 2491; x_wconf 88' lang='lat' dir='ltr'><strong>jam</strong></span> <span class='ocrx_word' id='word_1_142' title='bbox 2134 2397 2394 2472; x_wconf 91' lang='lat' dir='ltr'><strong>totiens</strong></span> <span class='ocrx_word' id='word_1_143' title='bbox 2445 2396 2635 2471; x_wconf 79' lang='lat' dir='ltr'><strong>sacta</strong></span> <span class='ocrx_word' id='word_1_144' title='bbox 2685 2403 2796 2473; x_wconf 86' lang='lat' dir='ltr'><strong>est</strong></span> <span class='ocrx_word' id='word_1_145' title='bbox 2846 2398 3123 2473; x_wconf 90' lang='lat' dir='ltr'><strong>mentio</strong></span> <span class='ocrx_word' id='word_1_146' title='bbox 3174 2405 3249 2474; x_wconf 88' lang='lat' dir='ltr'><strong>et</strong></span> 
     </span>
     <span class='ocr_line' id='line_1_18' title="bbox 909 2515 3249 2612; baseline 0.001 -22"><span class='ocrx_word' id='word_1_147' title='bbox 909 2516 1447 2592; x_wconf 84' lang='lat' dir='ltr'><strong>commendatio</strong></span> <span class='ocrx_word' id='word_1_148' title='bbox 1499 2536 1788 2611; x_wconf 89' lang='lat' dir='ltr'><strong>magna.</strong></span> <span class='ocrx_word' id='word_1_149' title='bbox 1842 2515 1984 2590; x_wconf 93' lang='lat' dir='ltr'><strong>Sed</strong></span> <span class='ocrx_word' id='word_1_150' title='bbox 2036 2536 2233 2589; x_wconf 91' lang='lat' dir='ltr'><strong>nunc</strong></span> <span class='ocrx_word' id='word_1_151' title='bbox 2275 2516 2391 2590; x_wconf 87' lang='lat' dir='ltr'><strong>hic</strong></span> <span class='ocrx_word' id='word_1_152' title='bbox 2436 2515 2695 2604; x_wconf 88' lang='lat' dir='ltr'><strong>ultimo</strong></span> <span class='ocrx_word' id='word_1_153' title='bbox 2735 2535 3079 2612; x_wconf 87' lang='lat' dir='ltr'><strong>expresse</strong></span> <span class='ocrx_word' id='word_1_154' title='bbox 3114 2538 3249 2592; x_wconf 89' lang='lat' dir='ltr'><strong>no-</strong></span> 
     </span>
     <span class='ocr_line' id='line_1_19' title="bbox 912 2634 3246 2732; baseline 0.003 -26"><span class='ocrx_word' id='word_1_155' title='bbox 912 2634 1139 2709; x_wconf 90' lang='lat' dir='ltr'><strong>minat</strong></span> <span class='ocrx_word' id='word_1_156' title='bbox 1188 2655 1350 2710; x_wconf 91' lang='lat' dir='ltr'><strong>eam</strong></span> <span class='ocrx_word' id='word_1_157' title='bbox 1406 2635 1499 2710; x_wconf 93' lang='lat' dir='ltr'><strong>de</strong></span> <span class='ocrx_word' id='word_1_158' title='bbox 1549 2655 1695 2728; x_wconf 93' lang='lat' dir='ltr'><strong>qua</strong></span> <span class='ocrx_word' id='word_1_159' title='bbox 1748 2634 2185 2709; x_wconf 89' lang='lat' dir='ltr'><strong>novissimus</strong></span> <span class='ocrx_word' id='word_1_160' title='bbox 2236 2641 2448 2729; x_wconf 89' lang='lat' dir='ltr'><strong>poeta</strong></span> <span class='ocrx_word' id='word_1_161' title='bbox 2491 2636 2887 2712; x_wconf 88' lang='lat' dir='ltr'><strong>Petrarcha</strong></span> <span class='ocrx_word' id='word_1_162' title='bbox 2936 2638 3009 2711; x_wconf 91' lang='lat' dir='ltr'><strong>in</strong></span> <span class='ocrx_word' id='word_1_163' title='bbox 3061 2660 3246 2732; x_wconf 89' lang='lat' dir='ltr'><strong>qua·</strong></span> 
     </span>
     <span class='ocr_line' id='line_1_20' title="bbox 907 2753 3249 2853; baseline 0.002 -25"><span class='ocrx_word' id='word_1_164' title='bbox 907 2753 1077 2828; x_wconf 91' lang='lat' dir='ltr'><strong>dam</strong></span> <span class='ocrx_word' id='word_1_165' title='bbox 1131 2755 1429 2850; x_wconf 91' lang='lat' dir='ltr'><strong>epistola</strong></span> <span class='ocrx_word' id='word_1_166' title='bbox 1480 2754 1787 2848; x_wconf 88' lang='lat' dir='ltr'><strong>loquens</strong></span> <span class='ocrx_word' id='word_1_167' title='bbox 1852 2754 1946 2829; x_wconf 91' lang='lat' dir='ltr'><strong>de</strong></span> <span class='ocrx_word' id='word_1_168' title='bbox 2013 2754 2443 2829; x_wconf 88' lang='lat' dir='ltr'><strong>mulieribus</strong></span> <span class='ocrx_word' id='word_1_169' title='bbox 2503 2754 2719 2829; x_wconf 89' lang='lat' dir='ltr'><strong>claris</strong></span> <span class='ocrx_word' id='word_1_170' title='bbox 2785 2757 3000 2831; x_wconf 87' lang='lat' dir='ltr'><strong>dicit:</strong></span> <span class='ocrx_word' id='word_1_171' title='bbox 3051 2758 3249 2853; x_wconf 89' lang='lat' dir='ltr'><strong>apud</strong></span> 
     </span>
     <span class='ocr_line' id='line_1_21' title="bbox 910 2873 3248 2970; baseline 0.002 -23"><span class='ocrx_word' id='word_1_172' title='bbox 910 2894 1042 2947; x_wconf 91' lang='lat' dir='ltr'><strong>nos</strong></span> <span class='ocrx_word' id='word_1_173' title='bbox 1082 2895 1320 2970; x_wconf 91' lang='lat' dir='ltr'><strong>nuper</strong></span> <span class='ocrx_word' id='word_1_174' title='bbox 1352 2895 1500 2948; x_wconf 91' lang='lat' dir='ltr'><strong>non</strong></span> <span class='ocrx_word' id='word_1_175' title='bbox 1535 2874 1882 2969; x_wconf 82' lang='lat' dir='ltr'><strong>exiguam</strong></span> <span class='ocrx_word' id='word_1_176' title='bbox 1911 2873 2263 2948; x_wconf 85' lang='lat' dir='ltr'><strong>Mathildis</strong></span> <span class='ocrx_word' id='word_1_177' title='bbox 2303 2874 2669 2948; x_wconf 89' lang='lat' dir='ltr'><strong>comitissa</strong></span> <span class='ocrx_word' id='word_1_178' title='bbox 2703 2882 2989 2970; x_wconf 91' lang='lat' dir='ltr'><strong>partem</strong></span> <span class='ocrx_word' id='word_1_179' title='bbox 3022 2876 3248 2951; x_wconf 81' lang='lat' dir='ltr'><strong>ltaliae</strong></span> 
     </span>
     <span class='ocr_line' id='line_1_22' title="bbox 907 2993 3249 3090; baseline 0.002 -24"><span class='ocrx_word' id='word_1_180' title='bbox 907 2994 1258 3088; x_wconf 87' lang='lat' dir='ltr'><strong>possedit:</strong></span> <span class='ocrx_word' id='word_1_181' title='bbox 1295 2999 1370 3069; x_wconf 90' lang='lat' dir='ltr'><strong>et</strong></span> <span class='ocrx_word' id='word_1_182' title='bbox 1405 2994 1556 3089; x_wconf 90' lang='lat' dir='ltr'><strong>ipsa</strong></span> <span class='ocrx_word' id='word_1_183' title='bbox 1608 2994 1894 3067; x_wconf 91' lang='lat' dir='ltr'><strong>romani</strong></span> <span class='ocrx_word' id='word_1_184' title='bbox 1935 2993 2220 3088; x_wconf 88' lang='lat' dir='ltr'><strong>imperii</strong></span> <span class='ocrx_word' id='word_1_185' title='bbox 2258 3014 2403 3067; x_wconf 91' lang='lat' dir='ltr'><strong>non</strong></span> <span class='ocrx_word' id='word_1_186' title='bbox 2444 2993 2624 3069; x_wconf 88' lang='lat' dir='ltr'><strong>levis</strong></span> <span class='ocrx_word' id='word_1_187' title='bbox 2664 2997 2936 3070; x_wconf 85' lang='lat' dir='ltr'><strong>aemula</strong></span> <span class='ocrx_word' id='word_1_188' title='bbox 2971 3003 3045 3071; x_wconf 91' lang='lat' dir='ltr'><strong>et</strong></span> <span class='ocrx_word' id='word_1_189' title='bbox 3079 3017 3249 3090; x_wconf 82' lang='lat' dir='ltr'><strong>quae</strong></span> 
     </span>
     <span class='ocr_line' id='line_1_23' title="bbox 909 3112 3249 3207; baseline 0.003 -23"><span class='ocrx_word' id='word_1_190' title='bbox 909 3112 1095 3185; x_wconf 84' lang='lat' dir='ltr'><strong>virili</strong></span> <span class='ocrx_word' id='word_1_191' title='bbox 1146 3113 1393 3186; x_wconf 89' lang='lat' dir='ltr'><strong>animo</strong></span> <span class='ocrx_word' id='word_1_192' title='bbox 1445 3113 1632 3187; x_wconf 89' lang='lat' dir='ltr'><strong>bella</strong></span> <span class='ocrx_word' id='word_1_193' title='bbox 1680 3118 2055 3204; x_wconf 87' lang='lat' dir='ltr'><strong>tractaret,</strong></span> <span class='ocrx_word' id='word_1_194' title='bbox 2108 3112 2497 3207; x_wconf 90' lang='lat' dir='ltr'><strong>imperiosa</strong></span> <span class='ocrx_word' id='word_1_195' title='bbox 2539 3112 2613 3186; x_wconf 92' lang='lat' dir='ltr'><strong>in</strong></span> <span class='ocrx_word' id='word_1_196' title='bbox 2655 3133 2852 3207; x_wconf 92' lang='lat' dir='ltr'><strong>suos,</strong></span> <span class='ocrx_word' id='word_1_197' title='bbox 2889 3114 2963 3187; x_wconf 91' lang='lat' dir='ltr'><strong>in</strong></span> <span class='ocrx_word' id='word_1_198' title='bbox 3005 3115 3249 3190; x_wconf 85' lang='lat' dir='ltr'><strong>hostes</strong></span> 
     </span>
     <span class='ocr_line' id='line_1_24' title="bbox 909 3225 3250 3327; baseline 0.002 -22"><span class='ocrx_word' id='word_1_199' title='bbox 909 3230 1292 3325; x_wconf 92' lang='lat' dir='ltr'><strong>acerrima,</strong></span> <span class='ocrx_word' id='word_1_200' title='bbox 1348 3230 1846 3305; x_wconf 88' lang='lat' dir='ltr'><strong>liberalissima</strong></span> <span class='ocrx_word' id='word_1_201' title='bbox 1882 3230 1955 3304; x_wconf 90' lang='lat' dir='ltr'><strong>in</strong></span> <span class='ocrx_word' id='word_1_202' title='bbox 1999 3231 2298 3325; x_wconf 84' lang='lat' dir='ltr'><strong>amicoS,</strong></span> <span class='ocrx_word' id='word_1_203' title='bbox 2334 3232 2545 3306; x_wconf 91' lang='lat' dir='ltr'><strong>cuius</strong></span> <span class='ocrx_word' id='word_1_204' title='bbox 2579 3233 2954 3327; x_wconf 81' lang='lat' dir='ltr'><strong>profusam</strong></span> <span class='ocrx_word' id='word_1_205' title='bbox 2984 3225 3060 3327; x_wconf 75' lang='lat'><strong>(¹)</strong></span> <span class='ocrx_word' id='word_1_206' title='bbox 3110 3234 3250 3309; x_wconf 83' lang='lat' dir='ltr'><strong>foe-</strong></span> 
     </span>
     <span class='ocr_line' id='line_1_25' title="bbox 911 3349 3244 3445; baseline 0.001 -22"><span class='ocrx_word' id='word_1_207' title='bbox 911 3349 1233 3424; x_wconf 90' lang='lat' dir='ltr'><strong>mineam</strong></span> <span class='ocrx_word' id='word_1_208' title='bbox 1285 3349 1698 3444; x_wconf 89' lang='lat' dir='ltr'><strong>largitatem</strong></span> <span class='ocrx_word' id='word_1_209' title='bbox 1754 3370 2060 3425; x_wconf 89' lang='lat' dir='ltr'><strong>romana</strong></span> <span class='ocrx_word' id='word_1_210' title='bbox 2110 3350 2185 3424; x_wconf 90' lang='lat' dir='ltr'><strong>in</strong></span> <span class='ocrx_word' id='word_1_211' title='bbox 2235 3350 2489 3445; x_wconf 89' lang='lat' dir='ltr'><strong>primis</strong></span> <span class='ocrx_word' id='word_1_212' title='bbox 2554 3358 2862 3427; x_wconf 86' lang='lat' dir='ltr'><strong>testatur</strong></span> <span class='ocrx_word' id='word_1_213' title='bbox 2914 3353 3244 3428; x_wconf 85' lang='lat' dir='ltr'><strong>ecclesia.</strong></span> 
     </span>
     <span class='ocr_line' id='line_1_26' title="bbox 912 3470 3248 3566; baseline 0.003 -23"><span class='ocrx_word' id='word_1_214' title='bbox 912 3470 1107 3566; x_wconf 88' lang='lat' dir='ltr'><strong>Ergo</strong></span> <span class='ocrx_word' id='word_1_215' title='bbox 1155 3470 1346 3545; x_wconf 90' lang='lat' dir='ltr'><strong>bene</strong></span> <span class='ocrx_word' id='word_1_216' title='bbox 1394 3470 1528 3544; x_wconf 88' lang='lat' dir='ltr'><strong>ista</strong></span> <span class='ocrx_word' id='word_1_217' title='bbox 1583 3470 1961 3565; x_wconf 90' lang='lat' dir='ltr'><strong>reponitur</strong></span> <span class='ocrx_word' id='word_1_218' title='bbox 2016 3470 2346 3545; x_wconf 89' lang='lat' dir='ltr'><strong>ministra</strong></span> <span class='ocrx_word' id='word_1_219' title='bbox 2396 3493 2780 3547; x_wconf 88' lang='lat' dir='ltr'><strong>sacrarum</strong></span> <span class='ocrx_word' id='word_1_220' title='bbox 2816 3493 3071 3548; x_wconf 89' lang='lat' dir='ltr'><strong>rerum</strong></span> <span class='ocrx_word' id='word_1_221' title='bbox 3126 3493 3248 3549; x_wconf 91' lang='lat' dir='ltr'><strong>ec-</strong></span> 
     </span>
     <span class='ocr_line' id='line_1_27' title="bbox 909 3589 3245 3687; baseline 0.001 -21"><span class='ocrx_word' id='word_1_222' title='bbox 909 3590 1168 3666; x_wconf 85' lang='lat' dir='ltr'><strong>clesiae.</strong></span> <span class='ocrx_word' id='word_1_223' title='bbox 1223 3591 1310 3664; x_wconf 90' lang='lat' dir='ltr'><strong>Et</strong></span> <span class='ocrx_word' id='word_1_224' title='bbox 1366 3589 1608 3664; x_wconf 84' lang='lat' dir='ltr'><strong>subdit</strong></span> <span class='ocrx_word' id='word_1_225' title='bbox 1657 3590 2205 3684; x_wconf 85' lang='lat' dir='ltr'><strong>responsionem</strong></span> <span class='ocrx_word' id='word_1_226' title='bbox 2256 3592 2608 3666; x_wconf 87' lang='lat' dir='ltr'><strong>Mathildis</strong></span> <span class='ocrx_word' id='word_1_227' title='bbox 2669 3592 2762 3667; x_wconf 92' lang='lat' dir='ltr'><strong>ad</strong></span> <span class='ocrx_word' id='word_1_228' title='bbox 2811 3592 3245 3687; x_wconf 77' lang='lat' dir='ltr'><strong>Beati-icem,</strong></span> 
     </span>
     <span class='ocr_line' id='line_1_28' title="bbox 911 3709 3245 3805; baseline 0 -21"><span class='ocrx_word' id='word_1_229' title='bbox 911 3709 1194 3785; x_wconf 87' lang='lat' dir='ltr'><strong>dicens:</strong></span> <span class='ocrx_word' id='word_1_230' title='bbox 1247 3732 1285 3782; x_wconf 85' lang='lat' dir='ltr'><strong>e</strong></span> <span class='ocrx_word' id='word_1_231' title='bbox 1334 3714 1408 3784; x_wconf 86' lang='lat' dir='ltr'><strong>la</strong></span> <span class='ocrx_word' id='word_1_232' title='bbox 1453 3711 1634 3783; x_wconf 81' lang='lat' dir='ltr'><strong>bella</strong></span> <span class='ocrx_word' id='word_1_233' title='bbox 1681 3712 1952 3801; x_wconf 81' lang='lat' dir='ltr'><strong>donna,</strong></span> <span class='ocrx_word' id='word_1_234' title='bbox 2002 3710 2295 3805; x_wconf 87' lang='lat' dir='ltr'><strong>scilicet,</strong></span> <span class='ocrx_word' id='word_1_235' title='bbox 2347 3711 2724 3805; x_wconf 81' lang='lat' dir='ltr'><strong>MathildiS,</strong></span> <span class='ocrx_word' id='word_1_236' title='bbox 2783 3715 3053 3804; x_wconf 71' lang='lat' dir='ltr'><strong>rispose</strong></span> <span class='ocrx_word' id='word_1_237' title='bbox 3103 3715 3245 3804; x_wconf 74' lang='lat' dir='ltr'><strong>qui,</strong></span> 
     </span>
     <span class='ocr_line' id='line_1_29' title="bbox 909 3828 3247 3926; baseline 0 -23"><span class='ocrx_word' id='word_1_238' title='bbox 909 3828 1116 3923; x_wconf 92' lang='lat' dir='ltr'><strong>idest,</strong></span> <span class='ocrx_word' id='word_1_239' title='bbox 1150 3829 1241 3904; x_wconf 89' lang='lat' dir='ltr'><strong>ad</strong></span> <span class='ocrx_word' id='word_1_240' title='bbox 1293 3829 1568 3903; x_wconf 90' lang='lat' dir='ltr'><strong>dictum</strong></span> <span class='ocrx_word' id='word_1_241' title='bbox 1622 3829 1991 3923; x_wconf 82' lang='lat' dir='ltr'><strong>BeatriciS,</strong></span> <span class='ocrx_word' id='word_1_242' title='bbox 2025 3851 2218 3903; x_wconf 81' lang='lat' dir='ltr'><strong>come</strong></span> <span class='ocrx_word' id='word_1_243' title='bbox 2243 3834 2328 3924; x_wconf 82' lang='lat' dir='ltr'><strong>sa</strong></span> <span class='ocrx_word' id='word_1_244' title='bbox 2360 3833 2470 3904; x_wconf 72' lang='lat' dir='ltr'><strong>clu·</strong></span> <span class='ocrx_word' id='word_1_245' title='bbox 2499 3834 2564 3904; x_wconf 81' lang='lat' dir='ltr'><strong>si</strong></span> <span class='ocrx_word' id='word_1_246' title='bbox 2593 3834 2861 3923; x_wconf 72' lang='lat' dir='ltr'><strong>disleqa</strong></span> <span class='ocrx_word' id='word_1_247' title='bbox 2902 3835 2980 3906; x_wconf 80' lang='lat' dir='ltr'><strong>di</strong></span> <span class='ocrx_word' id='word_1_248' title='bbox 3010 3835 3247 3926; x_wconf 74' lang='lat' dir='ltr'><strong>colpe:</strong></span> 
     </span>
     <span class='ocr_line' id='line_1_30' title="bbox 910 3947 3245 4043; baseline 0.002 -20"><span class='ocrx_word' id='word_1_249' title='bbox 910 3950 1069 4023; x_wconf 81' lang='lat' dir='ltr'><strong>vult</strong></span> <span class='ocrx_word' id='word_1_250' title='bbox 1126 3948 1372 4023; x_wconf 92' lang='lat' dir='ltr'><strong>dicere</strong></span> <span class='ocrx_word' id='word_1_251' title='bbox 1436 3947 1637 4041; x_wconf 91' lang='lat' dir='ltr'><strong>quod</strong></span> <span class='ocrx_word' id='word_1_252' title='bbox 1699 3948 2052 4022; x_wconf 84' lang='lat' dir='ltr'><strong>Mathildis</strong></span> <span class='ocrx_word' id='word_1_253' title='bbox 2102 3949 2473 4043; x_wconf 89' lang='lat' dir='ltr'><strong>respondit</strong></span> <span class='ocrx_word' id='word_1_254' title='bbox 2534 3949 2627 4024; x_wconf 91' lang='lat' dir='ltr'><strong>ad</strong></span> <span class='ocrx_word' id='word_1_255' title='bbox 2696 3953 3245 4027; x_wconf 82' lang='lat' dir='ltr'><strong>excusationem</strong></span> 
     </span>
     <span class='ocr_line' id='line_1_31' title="bbox 909 4067 3248 4165; baseline 0.002 -24"><span class='ocrx_word' id='word_1_256' title='bbox 909 4068 1047 4161; x_wconf 91' lang='lat' dir='ltr'><strong>sui,</strong></span> <span class='ocrx_word' id='word_1_257' title='bbox 1099 4089 1194 4144; x_wconf 90' lang='lat' dir='ltr'><strong>ne</strong></span> <span class='ocrx_word' id='word_1_258' title='bbox 1242 4067 1617 4165; x_wconf 81' lang='lat' dir='ltr'><strong>negligens</strong></span> <span class='ocrx_word' id='word_1_259' title='bbox 1668 4067 2063 4161; x_wconf 85' lang='lat' dir='ltr'><strong>videretur,</strong></span> <span class='ocrx_word' id='word_1_260' title='bbox 2117 4068 2315 4161; x_wconf 92' lang='lat' dir='ltr'><strong>quod</strong></span> <span class='ocrx_word' id='word_1_261' title='bbox 2367 4069 2870 4165; x_wconf 89' lang='lat' dir='ltr'><strong>turpissimum</strong></span> <span class='ocrx_word' id='word_1_262' title='bbox 2931 4079 3126 4147; x_wconf 84' lang='lat' dir='ltr'><strong>esset</strong></span> <span class='ocrx_word' id='word_1_263' title='bbox 3172 4071 3248 4145; x_wconf 82' lang='lat' dir='ltr'><strong>in</strong></span> 
     </span>
     <span class='ocr_line' id='line_1_32' title="bbox 908 4186 3253 4285; baseline 0.003 -26"><span class='ocrx_word' id='word_1_264' title='bbox 908 4186 1203 4261; x_wconf 88' lang='lat' dir='ltr'><strong>domina</strong></span> <span class='ocrx_word' id='word_1_265' title='bbox 1249 4187 1488 4262; x_wconf 83' lang='lat' dir='ltr'><strong>activa</strong></span> <span class='ocrx_word' id='word_1_266' title='bbox 1504 4211 1525 4282; x_wconf 92' lang='lat'>;</span> <span class='ocrx_word' id='word_1_267' title='bbox 1577 4193 1653 4261; x_wconf 91' lang='lat' dir='ltr'><strong>et</strong></span> <span class='ocrx_word' id='word_1_268' title='bbox 1701 4186 1918 4261; x_wconf 82' lang='lat' dir='ltr'><strong>dixit:</strong></span> <span class='ocrx_word' id='word_1_269' title='bbox 1972 4195 2230 4281; x_wconf 79' lang='lat' dir='ltr'><strong>questo,</strong></span> <span class='ocrx_word' id='word_1_270' title='bbox 2290 4189 2486 4282; x_wconf 92' lang='lat' dir='ltr'><strong>quod</strong></span> <span class='ocrx_word' id='word_1_271' title='bbox 2537 4188 2715 4284; x_wconf 89' lang='lat' dir='ltr'><strong>petit</strong></span> <span class='ocrx_word' id='word_1_272' title='bbox 2760 4189 2856 4264; x_wconf 91' lang='lat' dir='ltr'><strong>de</strong></span> <span class='ocrx_word' id='word_1_273' title='bbox 2904 4212 3126 4285; x_wconf 88' lang='lat' dir='ltr'><strong>aqua,</strong></span> <span class='ocrx_word' id='word_1_274' title='bbox 3184 4198 3253 4265; x_wconf 75' lang='lat' dir='ltr'><strong>ct</strong></span> 
     </span>
     <span class='ocr_line' id='line_1_33' title="bbox 909 4306 3250 4407; baseline 0.004 -30"><span class='ocrx_word' id='word_1_275' title='bbox 909 4307 1089 4378; x_wconf 84' lang='lat' dir='ltr'><strong>aure</strong></span> <span class='ocrx_word' id='word_1_276' title='bbox 1136 4326 1316 4397; x_wconf 79' lang='lat' dir='ltr'><strong>cose,</strong></span> <span class='ocrx_word' id='word_1_277' title='bbox 1363 4306 1552 4382; x_wconf 87' lang='lat' dir='ltr'><strong>sicut</strong></span> <span class='ocrx_word' id='word_1_278' title='bbox 1601 4307 1693 4381; x_wconf 93' lang='lat' dir='ltr'><strong>de</strong></span> <span class='ocrx_word' id='word_1_279' title='bbox 1746 4313 1988 4400; x_wconf 85' lang='lat' dir='ltr'><strong>vent0,</strong></span> <span class='ocrx_word' id='word_1_280' title='bbox 2032 4310 2208 4381; x_wconf 79' lang='lat' dir='ltr'><strong>dene</strong></span> <span class='ocrx_word' id='word_1_281' title='bbox 2258 4311 2309 4382; x_wconf 87' lang='lat' dir='ltr'><strong>li</strong></span> <span class='ocrx_word' id='word_1_282' title='bbox 2354 4329 2486 4381; x_wconf 84' lang='lat' dir='ltr'><strong>son</strong></span> <span class='ocrx_word' id='word_1_283' title='bbox 2525 4330 2663 4401; x_wconf 84' lang='lat' dir='ltr'><strong>per</strong></span> <span class='ocrx_word' id='word_1_284' title='bbox 2712 4329 2845 4400; x_wconf 86' lang='lat' dir='ltr'><strong>me,</strong></span> <span class='ocrx_word' id='word_1_285' title='bbox 2898 4310 3087 4385; x_wconf 90' lang='lat' dir='ltr'><strong>sicut</strong></span> <span class='ocrx_word' id='word_1_286' title='bbox 3120 4332 3250 4407; x_wconf 81' lang='lat' dir='ltr'><strong>pa·</strong></span> 
     </span>
    </p>
   </div>
   <div class='ocr_carea' id='block_1_3' title="bbox 1037 4561 2128 4629">
    <p class='ocr_par' dir='ltr' id='par_1_3' title="bbox 1037 4561 2128 4629">
     <span class='ocr_line' id='line_1_34' title="bbox 1037 4561 2128 4629; baseline 0.003 -16"><span class='ocrx_word' id='word_1_287' title='bbox 1037 4561 1092 4624; x_wconf 82' lang='lat'><strong>(¹)</strong></span> <span class='ocrx_word' id='word_1_288' title='bbox 1124 4562 1186 4613; x_wconf 87' lang='lat' dir='ltr'><strong>E.</strong></span> <span class='ocrx_word' id='word_1_289' title='bbox 1218 4575 1250 4612; x_wconf 83' lang='lat' dir='ltr'><strong>e</strong></span> <span class='ocrx_word' id='word_1_290' title='bbox 1283 4567 1392 4623; x_wconf 82' lang='lat'><strong>11⁷,</strong></span> <span class='ocrx_word' id='word_1_291' title='bbox 1423 4568 1478 4614; x_wconf 82' lang='lat' dir='ltr'><strong>et</strong></span> <span class='ocrx_word' id='word_1_292' title='bbox 1509 4563 1781 4629; x_wconf 76' lang='lat' dir='ltr'><strong>plusquam</strong></span> <span class='ocrx_word' id='word_1_293' title='bbox 1813 4564 2128 4618; x_wconf 75' lang='lat' dir='ltr'><strong>foemincam.</strong></span> 
     </span>
    </p>
   </div>
  </div>
 </body>
</html>
