3734 5567
2748 490 2837 553 47

498 896 825 964 CANTUS
871 897 1337 966 VIGESIMUS
1384 898 1766 978 TERTIUS,
1814 901 1886 964 in
1940 920 2058 982 quo
2117 905 2350 965 tractat
2391 900 2553 966 sicut
2593 902 2840 968 invene-

596 1005 601 1010 ’
649 1015 802 1076 runt
842 1012 1111 1093 spiritus
1151 1012 1294 1076 vitii
1333 1011 1500 1094 quloe
1544 1014 1653 1096 ραι·
1694 1007 1895 1077 valde
1932 1017 2118 1076 erant
2171 1014 2387 1090 macri,
2435 1018 2496 1077 et
2539 1013 2616 1079 de
2657 1014 2839 1080 modo

642 1143 849 1204 poenoe
891 1124 1192 1205 imorum,
1237 1122 1350 1187 sub
1398 1122 1579 1188 titulo
1608 1122 1918 1188 Formsis
1961 1124 2413 1207 consanyuinei
2439 1123 2697 1202 Darem,
2733 1124 2844 1207 qui

653 1234 853 1301 multa
882 1235 1198 1318 praedixit
1241 1240 1460 1300 contra
1490 1235 1778 1302 dominas
1805 1234 2179 1313 Florentioe,
2212 1240 2272 1300 et
2300 1235 2378 1301 de
2409 1235 2625 1302 multis
2669 1235 2837 1302 aliis.

651 1501 1103 1670 [mmmm
1133 1597 1253 1668 che
1282 1598 1384 1685 912·
1414 1596 1606 1666 occlti
1628 1613 1762 1684 per
1792 1596 1866 1665 la
1887 1596 2156 1687 fronda
2181 1595 2408 1667 verde.
2438 1596 2837 1687 Postquam

497 1715 569 1788 in
604 1715 962 1810 superiori
998 1715 1315 1809 capitulo
1351 1713 1545 1787 circa
1589 1711 1806 1787 tinem
1846 1719 2062 1808 poeta
2104 1719 2351 1788 noster
2393 1713 2731 1788 tractavit
2764 1719 2839 1787 et

495 1835 1008 1910 determinavit
1060 1835 1150 1910 de
1200 1855 1417 1929 poena
1468 1840 1540 1908 et
1592 1835 2032 1930 purgatione
2095 1835 2530 1931 gulosorum
2584 1834 2656 1906 in
2706 1853 2840 1930 ge-

497 1954 750 2049 nerali,
803 1975 999 2029 nunc
1049 1961 1585 2048 consequenter
1635 1954 1785 2049 agit
1835 1959 1909 2028 et
1955 1960 2219 2028 tractat
2253 1954 2345 2028 de
2380 1937 2637 2028 eadem
2679 1974 2840 2028 ma-

498 2075 678 2148 terIa
734 2075 968 2170 magis
1018 2074 1090 2146 in
1141 2073 1453 2168 speciali.
1507 2074 1594 2147 Et
1646 2093 1968 2168 praesens
2008 2074 2408 2169 capitulum
2446 2073 2671 2146 XXIII
2707 2093 2839 2167 po-

500 2201 639 2269 test
704 2195 924 2269 dividi
982 2194 1057 2268 in
1126 2201 1447 2289 quatuor
1511 2201 1754 2289 partes
1820 2195 2203 2290 generales
2266 2194 2359 2267 ad
2428 2194 2693 2267 minus.
2759 2195 2839 2267 ln

500 2315 735 2410 prima
787 2336 1104 2410 quarum
1148 2314 1489 2389 describit
1524 2314 1836 2387 sormam
1873 2315 2306 2410 gulosorum
2350 2314 2667 2386 multum
2706 2334 2841 2387 cu-

501 2437 710 2511 riose.
764 2438 844 2509 ln
894 2436 1214 2511 secunda
1267 2434 1659 2509 introducit
1709 2455 1944 2508 unum
1995 2433 2329 2530 spiritum
2390 2434 2837 2531 singularem

502 2556 937 2630 modernum
994 2563 1329 2630 notatum
1383 2556 1556 2630 vitio
1595 2556 1812 2652 gulae,
1851 2556 1979 2649 qui
2014 2554 2146 2629 sibi
2185 2554 2506 2629 declarat
2543 2576 2837 2649 poenam

501 2697 669 2770 quae
718 2676 1030 2750 obscure
1081 2676 1310 2771 posita
1363 2681 1472 2750 est
1524 2675 1599 2748 in
1651 2675 2083 2770 praecedenti
2136 2676 2476 2770 capitulo,
2520 2675 2657 2747 ibi:
2708 2664 2841 2748 Gid

498 2816 627 2869 era
673 2798 748 2869 in
797 2798 1167 2868 ammiror.
1220 2797 1301 2868 ln
1353 2795 1567 2870 tertia
1619 2802 1833 2890 poeta
1899 2801 2148 2869 movet
2210 2816 2434 2869 unam
2491 2793 2839 2888 quaestio-

499 2935 667 2989 nem
719 2915 910 2989 dicto
961 2915 1264 3011 spiritui,
1318 2914 1447 2989 ibi:
1504 2921 1593 2988 Ec
1636 2919 1708 2988 io
1758 2937 1806 2987 a
1856 2918 1972 2987 lui.
2007 2915 2086 2987 In
2139 2919 2403 3008 quarta
2454 2919 2527 2988 et
2582 2913 2838 2987 ultima

500 3035 911 3110 manifestat
950 3056 1030 3110 se
1063 3044 1138 3110 et
1186 3055 1359 3110 suos
1408 3036 1632 3111 duces
1682 3035 1874 3109 dicto
1908 3035 2214 3130 spiritui,
2251 3033 2385 3108 ibi:
2423 3037 2599 3125 Dela,
2629 3039 2836 3128 frate.

496 3154 604 3228 Ad
655 3154 977 3250 primum
1030 3155 1330 3230 veniens
1391 3156 1551 3230 dico
1613 3154 1811 3250 quod
1871 3162 2085 3250 poeta
2146 3155 2469 3230 declarat
2524 3155 2839 3229 formam

499 3294 735 3369 poenae
782 3275 1255 3372 gulosorum3
1308 3283 1382 3351 et
1422 3276 1659 3371 primo
1719 3276 2094 3372 praemittit
2155 3297 2368 3350 suam
2431 3275 2841 3371 dispositio-

502 3413 666 3469 nem
722 3416 943 3490 supra
973 3388 1046 3489 (⁴)
1099 3396 1444 3470 arborem
1497 3395 1837 3490 superius
1887 3395 2323 3490 descriptam
2364 3415 2495 3490 per
2537 3415 2841 3489 compa-

500 3515 858 3596 rationem
918 3517 1220 3608 claram,
1283 3517 1566 3590 dicens:
1633 3521 1928 3606 Mancre,
1989 3515 2193 3609 idest,
2260 3515 2578 3608 interim,
2642 3518 2744 3587 αι’
2769 3517 2840 3587 io

492 3638 763 3727 ficcava
809 3639 910 3727 ,qu
956 3640 1170 3728 ocelli,
1204 3636 1750 3730 intellectuales,
1776 3658 1914 3729 per
1949 3639 2022 3708 la
2048 3638 2321 3729 fronda
2354 3638 2589 3727 verde,
2627 3636 2836 3730 idest,

501 3755 690 3829 illius
737 3757 1020 3831 arboris
1069 3778 1115 3831 a
1166 3755 1403 3850 simili,
1438 3750 1496 3829 si
1538 3777 1728 3829 come
1764 3761 1892 3850 sar
1938 3760 2129 3830 suole
2160 3758 2268 3829 chi
2298 3757 2523 3829 diecro
2573 3758 2691 3827 all’
2719 3776 2841 3829 uc-

499 3880 697 3950 cellin
742 3898 874 3950 sua
941 3880 1083 3951 vita
1120 3879 1343 3970 perde
1351 3903 1381 3970 ,-
1433 3882 1506 3951 et
1568 3884 1679 3951 est
1739 3876 2191 3971 comparatio
2258 3875 2586 3970 propria:
2650 3873 2839 3948 sicut

500 3997 693 4071 enim
748 3998 970 4072 bomo
1010 3997 1378 4072 interdum
1422 3996 1566 4072 fixe
1602 3996 1893 4092 respicit
1928 3996 2115 4069 intra
2154 4015 2401 4069 ramos
2435 3994 2721 4069 arboris
2758 4000 2839 4066 ut

500 4115 740 4191 videat
788 4117 1155 4192 aviculam
1199 4117 1292 4192 ibi
1331 4119 1702 4211 latentem,
1738 4122 1812 4191 et
1850 4136 2045 4210 saepe
2078 4116 2313 4211 perdit
2351 4121 2638 4211 tempus
2673 4116 2841 4189 inu-

503 4235 739 4331 tiliter,
780 4237 954 4331 quia
991 4258 1134 4312 non
1170 4243 1404 4333 potest
1436 4238 1635 4311 illam
1673 4255 1960 4332 capere,
1997 4236 2097 4310 ita
2154 4242 2352 4311 recte
2392 4243 2607 4331 poeta
2643 4257 2840 4311 nunc

503 4358 926 4452 respiciebat
976 4364 1252 4433 attente
1302 4378 1434 4452 per
1483 4357 1774 4432 frondes
1830 4357 2022 4430 illius
2071 4357 2378 4449 arboris,
2426 4363 2510 4430 ut
2559 4357 2840 4433 videret

624 4624 678 4686 (¹)
709 4624 771 4675 Β.
803 4637 834 4675 e
868 4628 977 4684 11⁷,
1009 4624 1147 4675 circa
1180 4624 1437 4676 arborem.
