3734 5567
1034 476 1174 541 490
1818 486 2232 543 coMENTUM
2281 490 2610 543 PARAmsr

1030 638 1133 704 La
1183 652 1479 724 corona,
1539 632 1788 728 regale
1837 632 2198 727 diadema,
2234 636 2573 727 fulyeami
2616 624 2741 724 yid
2793 636 2872 706 in
2917 637 3165 726 fronte,
3201 631 3337 705 licet

1029 752 1327 847 quidam
1379 752 1820 828 Andreasius
1871 751 1964 827 de
2015 754 2242 849 stirpe
2291 754 2686 850 Hungariae
2731 752 3197 848 occupaverit
3239 771 3336 825 re-

1027 894 1281 970 gnum,
1334 876 1410 947 di
1460 875 1685 965 quella
1737 879 1961 965 terra,
1996 874 2290 967 scilicet,
2326 874 2742 970 Hungariae‚
2786 875 2911 948 che
2959 875 3014 945 il
3062 871 3339 945 Danubio

1026 997 1219 1088 riya,
1284 994 1409 1087 qui
1478 994 1621 1067 alio
1698 995 1997 1067 nomine
2058 995 2324 1068 dicitur
2398 995 2600 1088 Ister,
2664 997 2862 1085 rista,
2942 993 3146 1085 idest,
3215 990 3340 1064 bal-

1030 1121 1221 1209 neat,
1263 1116 1393 1205 poi
1439 1115 1560 1186 che
1610 1116 1671 1186 le
1718 1115 1874 1204 ripe
1922 1116 2247 1206 ledesma,
2293 1114 2743 1188 Alamanniae
2789 1111 3205 1207 superioriS‚
3239 1110 3339 1181 ab·

1027 1235 1501 1307 bandona.—
1525 1241 1589 1307 E
1618 1237 1690 1306 la
1722 1235 1920 1307 bella.
1958 1235 2089 1308 Hic
2123 1234 2493 1308 Martellus
2533 1233 2883 1308 describit
2926 1221 3337 1325 quartum(')

1032 1375 1371 1451 regnum,
1401 1354 1596 1449 quod
1640 1354 1771 1427 sibi
1823 1354 1918 1428 de
1958 1356 2133 1449 jure
2183 1355 2592 1429 debebatur
2629 1361 2703 1428 et
2743 1352 3163 1427 haeredibus
3201 1350 3339 1440 suis,

1026 1476 1159 1549 nisi
1213 1484 1550 1571 ereptum
1606 1475 1855 1549 fuisset
1907 1475 1997 1548 de
2048 1476 2245 1548 furto
2276 1467 2348 1566 (²)
2388 1475 2651 1549 Carolo
2684 1475 2713 1546 1
2748 1495 2898 1549 avo
2942 1493 3099 1546 suo.
3136 1472 3214 1544 Et
3242 1469 3341 1543 de-

1026 1596 1273 1671 scribit
1307 1596 1696 1671 artificiose
1723 1596 2037 1670 insulam
2067 1596 2324 1670 Siciliae
2351 1618 2396 1670 a
2427 1595 2738 1670 mirabili
2766 1595 3081 1688 antiquo
3109 1597 3341 1682 monte,

1027 1724 1100 1791 et
1169 1717 1480 1791 mirabili
1506 1709 1580 1808 (³)
1650 1716 2046 1791 rebellione
2115 1738 2327 1790 nova.
2397 1716 2501 1790 Ad
2573 1716 2902 1811 primum
2971 1719 3081 1788 est
3143 1711 3341 1808 primo

1022 1838 1422 1930 sciendum,
1477 1837 1673 1931 quod
1726 1837 1942 1910 AEtna
1997 1858 2208 1911 mons
2268 1836 2341 1910 in
2407 1836 2648 1910 medio
2710 1835 2980 1910 Siciliae
3031 1840 3139 1906 est
3183 1830 3343 1905 cele-

1024 1958 1394 2033 berrimus
1445 1958 1638 2031 fama
1691 1958 1762 2030 in
1819 1964 1970 2030 toto
2022 1957 2238 2050 orbe3
2277 1955 2405 2050 qui
2447 1956 2620 2029 olim
2658 1975 2961 2049 semper
2996 1953 3243 2028 ardens
3271 1948 3343 2020 de

1024 2079 1171 2153 alto
1224 2079 1613 2153 cacumine
1679 2098 1815 2151 suo
1887 2077 2267 2151 emittebat
2326 2073 2583 2172 globos
2646 2077 2906 2173 igneos
2968 2094 3158 2148 nunc
3211 2071 3341 2167 plus

1026 2218 1222 2271 nunc
1276 2199 1539 2270 minus.
1603 2199 1755 2271 Hoc
1817 2206 2068 2272 autem
2122 2205 2282 2272 erat
2342 2219 2432 2272 ex
2495 2198 2801 2272 materia
2877 2193 3237 2291 sulphuris
3286 2191 3340 2262 in

1030 2317 1429 2390 visceribus
1481 2318 1665 2409 eiuS‚
1721 2325 1804 2390 ut
1854 2318 2100 2391 scribit
2150 2318 2448 2392 Ovidius
2508 2318 2582 2390 in
2632 2318 2758 2391 XV
2821 2314 3136 2406 Maioris,
3185 2316 3251 2385 et
3282 2296 3337 2398 (⁸)

1025 2435 1410 2510 videbatur
1453 2436 1549 2509 ibi
1606 2438 2069 2532 propheta-re,
2133 2439 2305 2531 quia
2358 2437 2526 2511 dicit
2578 2436 2775 2531 quod
2831 2436 3081 2512 veniet
3137 2430 3339 2505 adhuc

1027 2562 1317 2651 tempus
1368 2577 1519 2650 quo
1569 2557 1785 2632 AEtna
1840 2577 1986 2630 non
2038 2558 2322 2632 ardebit
2373 2563 2805 2652 consumpta
2861 2554 3172 2629 materia
3219 2547 3339 2623 sul·

1025 2677 1299 2770 phuriS.
1342 2678 1541 2752 Unde
1575 2678 1853 2752 Seneca
1890 2679 2138 2752 scribit
2172 2677 2446 2752 Lucilio
2482 2679 2678 2772 quod
2715 2677 2876 2751 vult
2922 2675 3110 2749 scire
3148 2671 3233 2744 ab
3263 2686 3333 2741 eo

1020 2793 1114 2869 de
1162 2795 1452 2870 duobus
1507 2797 1963 2872 mirabilibus
1999 2798 2279 2891 Siciliae,
2310 2797 2580 2871 scilicet
2618 2796 2985 2892 Charybdi
3024 2799 3097 2869 et
3130 2791 3332 2878 Aitna,

1022 2936 1243 3009 quam
1299 2916 1469 2991 dicit
1517 2918 1852 2991 consumi
1905 2923 1979 2991 et
2029 2917 2345 2992 deficere
2396 2938 2490 2991 ex
2541 2919 2680 2990 boc
2731 2916 2933 3010 quod
2985 2906 3339 3006 aliquando

1019 3036 1534 3131 navigantibus
1586 3038 2058 3133 longinquius
2094 3038 2374 3112 solebat
2408 3037 2725 3131 ostendi3
2764 3044 2837 3111 et
2875 3038 2980 3111 sic
3014 3055 3145 3130 per
3181 3038 3336 3103 tem·

1019 3175 1199 3248 pora
1235 3157 1607 3250 paullatim
1653 3159 1987 3252 cessavit,
2042 3158 2139 3232 ita
2192 3159 2389 3251 quod
2442 3158 2656 3232 bodie
2694 3179 2839 3232 non
2882 3142 3183 3252 apparet
3229 3143 3335 3220 nisi

1017 3274 1409 3366 aliquando
1461 3277 1747 3372 fumus3
1791 3286 1865 3353 et
1901 3285 2011 3352 est
2048 3279 2382 3353 mirabile
2426 3278 2622 3373 quod
2664 3280 2860 3353 circa
2897 3278 3175 3352 radices
3206 3269 3337 3343 eius

1021 3413 1230 3466 mons
1265 3403 1374 3468 est
1408 3398 1949 3473 amoenissimus
1985 3400 2307 3492 floribuS‚
2345 3400 2687 3492 fontibus,
2717 3399 3097 3474 viridariis.
3127 3395 3337 3467 Poetae

1017 3519 1269 3587 autem
1335 3518 1562 3592 multa
1617 3519 2041 3592 fabulantur
2093 3519 2185 3593 de
2254 3520 2393 3592 boc
2459 3526 2757 3592 monte:
2821 3519 3107 3615 fingunt
3167 3508 3333 3585 enim

1016 3633 1213 3727 quod
1268 3637 1639 3712 Vulcanus
1708 3639 1891 3713 deus
1944 3639 2129 3734 ignis
2180 3639 2274 3712 ibi
2331 3639 2635 3713 fabricat
2696 3639 3003 3712 fulmina
3055 3632 3225 3723 Jovi,
3271 3631 3331 3699 et

1016 3754 1211 3846 quod
1239 3756 1611 3852 Typhoeus
1644 3760 1851 3855 gigas
1889 3759 2315 3833 fulminatus
2351 3761 2767 3854 suppositus
2802 3766 2911 3833 est
2951 3754 3196 3845 monti,
3229 3744 3332 3842 qui

1015 3877 1290 3950 evomit
1344 3884 1627 3951 tantum
1681 3879 2122 3953 incendium.
2179 3881 2322 3954 Per
2372 3881 2510 3954 boc
2560 3881 2827 3955 Dantes
2881 3876 3244 3953 moraliter
3269 3858 3328 3958 (⁶)

1014 3995 1138 4070 dat
1186 3998 1490 4093 intelligi
1548 3999 1745 4092 quod
1808 4000 2040 4095 gigas,
2101 3999 2284 4074 idest
2347 4020 2663 4095 magnus
2722 4002 3105 4095 superbuS‚
3158 3992 3330 4066 recte

1018 4117 1220 4190 velut
1271 4119 1486 4192 AEtna
1538 4120 1804 4194 ardens
1855 4121 2111 4193 furore
2162 4120 2424 4193 emittit
2479 4121 2813 4195 flammas
2865 4142 3038 4195 cum
3094 4123 3330 4205 magno

1014 4236 1284 4310 damno
1335 4240 1451 4311 sui
1492 4246 1567 4313 et
1600 4240 1945 4333 aliorum,
1978 4240 2166 4314 sicut
2203 4248 2402 4316 recte
2436 4243 2672 4335 patuit
2713 4242 2783 4314 in
2825 4235 3160 4335 Dionysio
3195 4245 3328 4302 ma·

1014 4377 1164 4452 gno
1202 4364 1509 4452 tyranno
1543 4360 1733 4433 illius
1769 4361 2051 4434 insulae.
2089 4361 2196 4434 Ad
2233 4361 2517 4435 literam
2554 4382 2772 4457 ergo;
2808 4362 2978 4436 dicit
3012 4352 3323 4433 Carolus:

1139 4545 1192 4604 ζ’)
1226 4549 1272 4602 4,
1308 4545 1447 4595 aliud
1484 4559 1720 4610 regnum.
2043 4547 2098 4608 (²)
2137 4550 2192 4597 F..
2226 4551 2289 4599 de
2323 4550 2478 4600 facto.
2666 4548 2719 4612 (⁸)
2752 4551 2812 4599 E.
2846 4557 2897 4599 et
2933 4541 3221 4599 admirabili·

1142 4622 1194 4684 (⁸)
1226 4622 1287 4671 Ε.
1322 4635 1352 4673 e
1386 4627 1432 4684 4,
1467 4628 1522 4674 ct
1553 4624 1757 4676 videtur
1791 4626 1877 4675 ibi.
2043 4626 2098 4689 (⁸)
2131 4627 2191 4676 E.
2225 4627 2498 4678 moraliter
2530 4627 2772 4692 intelligit
2806 4629 2963 4692 quod.
