3734 5567
1365 538 1643 595 GAN'rus
1690 539 2079 595 SECUNDUs.
2750 531 2890 598 359

544 684 792 759 anima
844 688 1033 757 esset
1084 690 1329 757 motor
1385 683 1829 778 compositus
1899 703 1991 756 ex
2057 683 2307 757 multis
2374 684 2768 761 virtutibus
2820 692 2894 762 et

545 804 1021 900 potestatibus
1057 803 1537 897 naturalibuS‚
1564 823 1712 876 non
1739 809 1930 877 esset
1962 802 2341 878 diversitas
2365 805 2687 898 partium
2726 827 2896 881 cor-

545 923 739 1019 poris
789 923 865 996 in
917 922 1155 996 forma
1207 928 1282 997 et
1334 922 1608 1019 figura:
1660 922 1826 997 ideo
1863 922 2263 1016 unicuique
2296 926 2630 1018 potestati
2670 948 2893 1000 suum

545 1044 928 1140 proprium
981 1042 1367 1138 respondet
1417 1063 1810 1139 organum,
1853 1042 2043 1116 sicut
2084 1044 2274 1118 bene
2322 1043 2597 1119 dictum
2650 1055 2762 1121 est
2803 1048 2898 1124 de

547 1164 764 1238 oculo
816 1163 887 1236 in
939 1161 1256 1258 capitulo
1308 1162 1544 1256 primo
1597 1162 2058 1256 praecedenti.
2113 1163 2198 1235 Et
2258 1162 2466 1236 dicit:
2520 1186 2558 1236 e
2604 1171 2896 1261 consor-

507 1263 755 1373 'mate,
805 1282 992 1356 sicut
1043 1282 1378 1356 videmus
1431 1281 1811 1357 manifeste
1873 1283 1944 1355 in
1999 1302 2251 1377 manu,
2294 1304 2463 1377 quae
2515 1290 2624 1358 est
2675 1306 2898 1382 orga-

547 1425 755 1497 num,
825 1403 945 1478 cui
1011 1410 1278 1476 natura
1343 1402 1538 1477 dedit
1607 1402 1878 1476 multos
1941 1410 2015 1477 et
2073 1402 2400 1478 diversos
2465 1405 2748 1501 digitos,
2811 1414 2898 1481 ut

548 1522 821 1597 faceret
862 1525 1132 1596 multas
1171 1521 1633 1617 operationes
1674 1521 2083 1596 secundum
2118 1522 2442 1598 diversas
2476 1526 2898 1620 conceptio-

548 1663 678 1718 nes
728 1643 1173 1736 intellectu53
1228 1641 1378 1714 imo
1438 1647 1703 1716 natura
1766 1641 1841 1715 ih
1904 1643 2207 1716 occultis
2268 1644 2696 1720 mirabiliter
2756 1648 2897 1720 hoc

551 1762 739 1856 facit,
794 1762 966 1855 quia
1018 1762 1439 1836 membrum
1487 1761 1696 1834 virile
1732 1761 1805 1833 in
1840 1761 2139 1835 bomine
2173 1763 2446 1858 optime
2480 1764 2897 1838 conforma-

552 1891 675 1956 tur
725 1888 799 1957 et
847 1880 1366 1977 correspondet
1408 1880 1691 1954 matrici
1735 1880 2064 1955 mulieris
2105 1881 2178 1953 in
2213 1884 2710 1977 generatione.
2754 1885 2898 1959 To-

554 2010 705 2077 tam
759 2002 1170 2076 machinam
1222 2001 1549 2096 corporis
1600 2000 1906 2074 humani
1956 2002 2214 2096 pulcre
2247 2003 2586 2077 describit
2619 2005 2901 2079 Tullius

552 2122 872 2198 secundo
923 2121 1015 2196 de
1067 2126 1329 2194 natura
1380 2121 1730 2195 Deorum.
1759 2160 1859 2174 --
1902 2116 2112 2195 Virtzl.
2164 2121 2294 2196 Hic
2338 2122 2631 2198 Beatrix
2667 2125 2899 2220 tangit

551 2243 873 2317 breviter
925 2247 999 2316 et
1056 2241 1326 2338 colligit
1393 2241 1701 2314 virtutes
1761 2240 2434 2336 intelligentiarum,
2485 2263 2896 2337 sperarum,

551 2366 1040 2459 planetarum,
1090 2361 1370 2436 dicens:
1440 2357 1628 2435 Virczt
1685 2364 1995 2463 diversa,
2047 2361 2338 2455 scilicet,
2403 2362 2720 2436 aliorum
2781 2384 2900 2438 se-

553 2490 752 2579 ptem
815 2489 1212 2576 motorum,
1261 2484 1345 2574 fa
1394 2484 1678 2555 diversa
1735 2485 1921 2573 leya,
1971 2481 2176 2576 idest,
2230 2482 2765 2578 colligationem
2824 2490 2899 2557 et

553 2602 1078 2698 operationem,
1142 2604 1255 2674 col
1299 2604 1632 2695 prezioso
1693 2622 1939 2694 corpo,
2004 2600 2296 2695 scilicet,
2367 2622 2540 2675 cum
2607 2604 2896 2697 planeta

553 2743 712 2816 suo,
765 2723 866 2794 cle’
892 2724 1028 2795 ella
1075 2724 1357 2814 avviva,
1408 2720 1609 2816 idest,
1655 2720 1853 2814 quod
1904 2741 2171 2815 corpus
2220 2720 2377 2815 ipsa
2425 2721 2661 2795 virtus
2710 2722 2898 2797 vivi-

553 2841 760 2936 ficat3
814 2847 887 2917 et
921 2842 1210 2917 videtur
1243 2842 1445 2937 loqui
1478 2840 1884 2916 secundum
1932 2839 2346 2935 opinionem
2389 2838 2726 2934 PlatoniS,
2771 2842 2896 2935 qui

550 2963 781 3064 voluit
832 2963 1032 3056 quod
1083 2969 1280 3038 astra
1332 2967 1574 3035 essent
1622 2960 1971 3054 animata,
2008 2959 2125 3034 vel
2161 2959 2478 3054 respexit
2528 2961 2767 3034 solum
2805 2961 2899 3035 ad
3036 2977 3042 2984 “

551 3081 1094 3156 similitudinem
1150 3102 1377 3175 quam
1428 3081 1704 3155 fecerat
1753 3079 1846 3153 de
1895 3078 2182 3172 anima3
2247 3078 2441 3153 unde
2472 3072 2546 3170 (¹)
2605 3079 2900 3154 adducit

550 3203 771 3277 aliam
822 3201 1447 3297 comparationem
1497 3201 1591 3276 de
1640 3200 1910 3293 anima,
1962 3199 2247 3274 dicens:
2288 3203 2407 3273 nel
2442 3203 2669 3291 quale,
2712 3200 2903 3274 scili-

553 3329 671 3397 cet
719 3342 1049 3416 corpore,
1100 3325 1163 3395 si
1211 3325 1393 3414 leya,
1445 3321 1655 3414 idest,
1706 3320 2002 3416 ligatur,
2053 3311 2114 3392 εὶ
2174 3340 2364 3392 come
2430 3323 2573 3393 vita
2633 3324 2710 3394 in
2759 3324 2900 3413 voi,

551 3442 756 3536 idest,
807 3441 995 3515 sicut
1042 3441 1287 3515 anima
1338 3441 1411 3513 in
1465 3440 1669 3514 vobis
1721 3439 2138 3513 hominibus
2181 3440 2452 3536 ligatur
2504 3461 2678 3515 cum
2731 3463 2900 3516 cor-

551 3582 767 3658 pore3
821 3561 1017 3635 unde
1067 3560 1345 3634 subdit:
1400 3563 1473 3633 la
1524 3556 1708 3634 virt&
1759 3563 1989 3652 mista,
2045 3559 2253 3655 idest,
2309 3561 2543 3635 virtus
2595 3562 2899 3636 motoris

542 3682 804 3777 juncta
854 3700 1027 3753 cum
1080 3679 1370 3774 planeta
1420 3701 1582 3772 suo,
1634 3682 1780 3752 luce
1821 3701 1956 3772 per
2018 3683 2087 3753 lo
2150 3702 2396 3773 corpe,
2446 3681 2634 3755 sicut
2700 3681 2898 3757 lunae

552 3802 670 3876 vel
720 3800 1024 3874 alterius
1073 3800 1422 3894 planetae:
1477 3806 1552 3873 et
1601 3800 1738 3873 hoc
1793 3800 2018 3874 refert
2068 3800 2158 3873 ad
2210 3800 2526 3895 primam
2565 3820 2895 3895 causam,

549 3922 835 3997 dicens:
883 3941 1016 4013 per
1049 3922 1122 3992 la
1156 3927 1418 3992 natura
1454 3922 1612 3993 lieta
1653 3923 1834 3993 onde
1872 3923 2144 4012 deriva,
2188 3920 2392 4014 idest,
2429 3927 2728 4016 propter
2763 3942 2898 3995 na-

552 4048 801 4116 turam
855 4046 1322 4115 uaturantem
1378 4061 1546 4134 quae
1610 4041 1808 4115 Deus
1874 4046 2005 4134 est,
2059 4041 2187 4134 qui
2238 4048 2350 4115 est
2402 4041 2682 4135 primus
2734 4061 2900 4114 mo-

555 4168 691 4235 tor.
718 4201 817 4214 —
842 4166 959 4233 Da
1009 4181 1185 4233 essa.
1239 4160 1370 4234 Hic
1422 4159 1680 4234 ultimo
1732 4161 2030 4235 Beatrix
2079 4161 2448 4235 concludit
2505 4161 2901 4257 principale

555 4279 1030 4374 propositum,
1082 4280 1366 4354 dicens:
1426 4271 1546 4352 Cio
1595 4282 1714 4354 che
1753 4300 1903 4373 par
1951 4282 2308 4373 differente
2339 4284 2439 4355 da
2471 4284 2616 4356 luce
2647 4303 2696 4355 a
2730 4285 2901 4374 luce,

554 4399 760 4492 idest,
812 4399 1156 4493 quicquid
1203 4400 1372 4474 facit
1416 4398 1904 4473 differentiam
1961 4407 2036 4474 et
2084 4400 2581 4477 diversitatem
2616 4401 2692 4475 in
2734 4400 2903 4475 uni-

679 4657 735 4722 (’)
766 4657 828 4709 Β.
859 4656 998 4708 unde
1029 4657 1153 4709 dicit
1182 4658 1482 4712 adducendo
1512 4660 1667 4711 aliam
1700 4662 2141 4725 comparationem
2173 4660 2238 4712 de
2270 4662 2438 4712 anima
2479 4662 2588 4712 siet
2620 4662 2705 4711 nel
2733 4661 2898 4726 quate.
