3734 5567
933 475 1075 541 270
1652 482 2061 542 coMEN'rUM
2109 484 2547 539 PunGATonn

929 631 1239 725 quentis,
1293 649 1440 703 non
1505 634 1752 702 tamen
1821 627 1923 703 ita
1981 627 2179 724 quod
2241 628 2428 701 irem
2479 648 2614 721 par
2674 646 2928 701 secum
2978 635 3279 722 propter

928 750 1229 823 nimiam
1269 749 1801 824 reverentiam:
1833 752 2051 842 frate,
2091 754 2307 822 vocat
2339 767 2512 821 eum
2552 747 2857 821 fratrem
2895 753 2978 820 ut
3031 756 3279 823 osten-

925 870 1050 944 dat
1099 870 1528 944 familiarius
1580 889 1807 965 agere
1857 889 2138 961 secum,
2179 862 2437 960 perche*
2483 889 2629 940 non
2680 870 2727 940 τ’
2753 871 3014 959 attenti,
3050 868 3278 964 depo-

927 991 1064 1064 sito
1099 992 1366 1065 timore
1400 995 1474 1065 et
1507 989 1813 1084 pudore,
1854 1009 1906 1060 a
1942 991 2427 1062 dimandarmi
2457 990 2649 1060 omai
2689 991 2997 1061 venendo
3032 997 3273 1063 meco?

928 1109 1094 1184 Scio
1146 1111 1341 1184 enim
1394 1108 1595 1203 quod
1646 1107 1856 1182 valde
1899 1108 2103 1203 cupis
2151 1115 2403 1202 petere
2437 1109 2495 1182 si
2540 1115 2738 1182 tanta
2775 1107 3051 1210 offensa
3088 1110 3277 1186 sacta

837 1318 846 1327 ·
931 1229 1086 1302 Deo
1136 1227 1212 1301 in
1262 1228 1536 1302 vicario
1586 1248 1723 1301 suo
1776 1227 2171 1322 praeteribit
2206 1227 2330 1301 diu
2368 1229 3108 1322 impunita—Come.
3145 1230 3274 1305 Hic

933 1353 1149 1443 poeta
1200 1347 1510 1422 ostendit
1561 1347 1877 1441 qualiter
1928 1368 2325 1442 persuasus
2365 1368 2411 1421 a
2444 1347 2778 1421 Beatrice
2827 1348 3282 1423 commiserit

933 1488 1014 1541 se
1064 1474 1301 1541 totum
1355 1467 1656 1541 arbitrio
1708 1466 1891 1559 eiuS,
1942 1465 2182 1541 adhuc
2241 1466 2488 1561 primo
2548 1467 2816 1540 timore
2865 1473 2941 1541 et
3002 1468 3279 1543 rubore

933 1586 1270 1680 durante,
1323 1606 1455 1681 per
1507 1607 1734 1659 unam
1788 1586 2411 1684 comparationem
2474 1585 2950 1660 domesticam
3004 1595 3079 1661 et
3128 1589 3279 1661 cla-

934 1726 1121 1798 ram,
1164 1705 1446 1779 dicens:
1483 1710 1833 1796 Avvenne,
1877 1704 2082 1799 idest,
2126 1705 2448 1801 contigit,
2482 1727 2533 1778 a
2566 1727 2674 1778 me
2706 1723 2898 1778 come
2929 1727 2978 1777 a
3011 1710 3278 1797 coloro,

931 1828 1209 1921 supple,
1263 1826 1633 1922 contingit,
1686 1828 1805 1898 che
1851 1847 2028 1898 sono
2064 1833 2315 1918 troppo
2348 1829 2693 1898 reverenti
2722 1827 3016 1898 dinanzi
3048 1829 3125 1898 al
3151 1847 3279 1898 suo

929 1949 1285 2039 maqqior,
1323 1946 1510 2019 sicut
1542 1945 1938 2040 discipulus
1990 1964 2241 2019 coram
2296 1945 2672 2040 magistro,
2718 1948 3106 2036 perlando,
3156 1948 3276 2018 che

931 2087 1076 2139 non
1128 2074 1436 2156 traqyon
1487 2067 1558 2138 la
1609 2086 1773 2138 voce
1823 2068 1987 2137 viva
2037 2068 2112 2136 ai
2148 2068 2358 2158 denti,
2412 2072 2486 2138 et
2519 2085 2694 2138 ecce
2727 2066 3121 2158 quomodo,
3157 2067 3276 2137 che

933 2188 1401 2276 incominciai,
1470 2185 1746 2279 supple,
1798 2184 2244 2279 respondere
2307 2191 2382 2258 et
2447 2184 2716 2278 dicere,
2779 2205 2996 2256 senza
3054 2188 3280 2257 incero

937 2324 1185 2395 suom,
1229 2303 1432 2397 idest,
1475 2324 1646 2378 cum
1700 2303 2020 2377 tremula
2071 2323 2291 2377 voce:
2340 2307 2733 2395 Madonna,
2770 2306 2885 2376 voi
2930 2310 3283 2376 conoscete

939 2425 1084 2496 mia
1116 2424 1434 2514 bisogna,
1470 2423 1672 2517 idest,
1712 2423 1887 2517 quid
1921 2431 2030 2498 est
2078 2424 2574 2498 necessarium
2614 2423 2811 2516 mihi,
2846 2445 2883 2496 e
2914 2417 3022 2496 eid
3056 2425 3157 2495 ch’
3178 2426 3277 2496 ad

938 2563 1096 2615 essa
1145 2540 1186 2616 e*
1230 2545 1486 2635 buono,
1537 2542 1742 2637 idest,
1779 2549 1854 2616 et
1904 2542 2079 2636 quid
2119 2549 2231 2617 est
2265 2543 2443 2616 utile
2482 2542 2889 2617 necessitati
2945 2563 3152 2617 meae.
3190 2543 3278 2616 Et

935 2661 1053 2735 hic
1081 2669 1252 2736 nota
1279 2662 1469 2736 bene
1495 2662 1693 2755 quod
1717 2667 1934 2756 poeta
1960 2661 2287 2755 loquitur
2305 2662 2517 2736 valde
2543 2662 2907 2757 sapienter
2929 2667 3004 2735 et
3028 2668 3274 2736 caute:

936 2779 1094 2853 vult
1137 2781 1334 2856 enim
1374 2781 1619 2855 dicere
1653 2781 1908 2855 tacite:
1946 2801 1992 2855 o
2031 2782 2221 2856 bona
2254 2781 2574 2875 domina,
2603 2801 2743 2878 ego
2769 2802 3057 2877 possem
3094 2782 3280 2857 sorte

936 2907 1190 2994 petere
1241 2899 1335 2974 de
1385 2899 1653 2973 suturis
1705 2920 1873 2993 quae
1925 2920 2072 2974 non
2122 2900 2376 2975 liceret
2427 2901 2605 2974 mihi
2668 2901 2878 2995 scire,
2933 2901 3030 2975 ita
3082 2901 3279 2995 quod

931 3022 1182 3116 petitio
1233 3039 1400 3094 mea
1454 3040 1600 3094 non
1652 3026 1840 3094 esset
1893 3021 2236 3114 honesta3
2278 3021 2440 3096 ideo
2476 3042 2607 3095 vos
2642 3042 2809 3114 quae
2845 3021 3277 3118 cognoscitis

935 3140 1108 3233 quid
1160 3140 1252 3213 sit
1301 3138 1475 3212 mihi
1529 3139 1807 3212 bonum
1853 3140 2042 3215 scire
2092 3141 2249 3215 sine
2298 3142 2645 3236 petitione
2697 3162 2864 3215 mea
2917 3142 3283 3236 praedicite

936 3259 1133 3332 mihi.
1171 3259 1261 3331 Et
1302 3257 1547 3331 subdit
1597 3259 2143 3353 responsionem
2181 3261 2548 3356 Beatricis,
2586 3282 2754 3354 quae
2795 3261 3102 3336 ulterius
3136 3281 3282 3335 non

936 3377 1210 3473 patitur
1261 3382 1538 3451 tantam
1592 3377 2050 3452 timiditatem
2082 3372 2156 3472 (⁴)
2211 3381 2392 3473 eiuS,
2446 3381 2728 3455 dicens:
2770 3388 2835 3453 et
2865 3384 3002 3454 ella
3050 3402 3099 3452 a
3149 3402 3280 3472 me,

934 3496 1215 3592 supple,
1254 3496 1466 3569 dixit:
1502 3500 1733 3587 voylio
1773 3500 1894 3570 che
1943 3505 2014 3571 ta
2063 3502 2255 3571 omai
2303 3503 2356 3572 ti
2400 3501 2806 3591 disviluppe,
2845 3500 3019 3593 quia
3070 3499 3281 3573 nimis

935 3615 1061 3688 diu
1097 3615 1468 3688 involutus
1502 3635 1606 3709 eS,
1641 3616 1829 3689 sicut
1877 3617 2141 3692 totiens
2191 3619 2531 3713 apparuit
2580 3640 2826 3714 supra,
2876 3622 2975 3692 da
3026 3627 3206 3692 tem-a
3242 3641 3281 3692 e

936 3738 1035 3808 da
1075 3755 1463 3827 veryoqna,
1505 3734 1678 3828 quia
1730 3755 1974 3809 meam
2027 3737 2340 3832 gratiam
2395 3738 2734 3812 meruisti
2784 3745 2859 3813 et
2909 3737 3283 3812 familiari-

936 3861 1158 3930 tatem
1214 3854 1567 3929 Mathildis
1600 3855 1817 3929 sociae
1854 3876 2043 3930 meae
2087 3863 2161 3931 et
2211 3857 2645 3932 ancillarum
2700 3879 3062 3952 mearum,
3109 3879 3279 3952 quae

932 3975 1238 4071 singulae
1289 3981 1364 4049 te
1418 3980 1860 4068 receperunt
1911 3975 1985 4048 in
2018 3977 2404 4071 amplexus
2437 3998 2633 4071 suoS,
2669 3970 2730 4051 εὶ
2761 3980 2879 4050 che
2912 3998 3057 4050 non
3083 3981 3285 4070 parti

926 4091 1051 4186 piel
1102 4098 1276 4167 com'
1303 4117 1466 4168 uom
1516 4097 1635 4166 che
1671 4115 1928 4185 soqua,
1965 4096 2174 4189 quasi
2206 4096 2438 4171 dicat:
2476 4119 2622 4171 non
2657 4098 2796 4172 sub
2831 4098 3096 4195 figura,
3135 4119 3280 4173 non

932 4212 1071 4286 sub
1122 4214 1444 4310 imagine
1493 4215 1684 4288 sicut
1753 4216 2143 4309 hucusque
2202 4216 2453 4311 fecisti,
2516 4219 2744 4292 immo
2809 4221 3137 4313 loquaris
3186 4220 3279 4296 de

933 4330 1158 4404 rebus
1209 4333 1424 4406 veris.
1480 4332 1685 4406 Unde
1735 4332 1900 4407 vide
1950 4333 2147 4428 quod
2200 4357 2610 4430 numquam
2679 4338 2995 4433 amplius
3063 4349 3275 4435 poeta

1061 4593 1116 4658 (¹)
1147 4594 1209 4645 Ε.
1243 4599 1438 4644 tantam
1472 4595 1781 4646 tarditatem.
