3734 5567
931 489 1072 555 410
1713 492 2124 549 comm
2175 495 2503 548 PARADISl

926 664 1317 721 cursuram
1377 640 1550 736 sibi,
1609 646 1685 716 et
1751 660 1924 715 cum
1979 640 2217 735 primo
2279 638 2468 712 filius
2518 637 2959 713 occurrisset
3016 638 3273 713 volens

924 767 1159 862 ipsum
1216 761 1602 836 immolare
1651 762 1905 857 pulsus
1957 767 2067 835 est
2115 780 2161 834 a
2213 758 2668 833 cretensibus
2729 758 2820 832 de
2878 757 3129 854 patria.
3184 759 3274 831 Et

918 887 1038 961 hic
1094 889 1267 960 nota
1322 882 1520 977 quod
1572 881 2082 977 Agamemnon
2148 886 2384 974 potest
2445 879 2675 955 videri
2737 878 3271 953 infelicissimus

922 1006 1346 1095 hominum3
1399 1022 1569 1076 nam
1632 1002 1758 1095 qui
1818 1002 1969 1076 dux
2031 1006 2137 1075 tot
2195 1020 2461 1095 regum
2528 1005 2986 1074 mactaverat
3048 997 3264 1072 filiam

921 1125 1319 1222 propriam,
1374 1129 1450 1197 et
1504 1126 1611 1195 tot
1659 1121 2039 1194 laboribus
2085 1126 2159 1194 et
2193 1118 2605 1214 sumptibus
2639 1118 3010 1192 bellorum
3038 1116 3267 1190 vindi-

921 1251 1220 1320 caverat
1254 1243 1700 1317 adulterium
1739 1241 2040 1335 ParidiS,
2079 1242 2231 1336 ipse
2273 1245 2637 1313 mactatus
2674 1245 2787 1312 est
2817 1239 2913 1313 ab
2940 1238 3267 1334 AEgistbo

919 1365 1298 1441 sacerdote
1321 1360 1686 1437 adulterio
1709 1355 1783 1454 (¹)
1817 1360 2070 1435 uxoris
2097 1380 2252 1434 suae
2275 1381 2448 1434 cum
2478 1359 2808 1435 rediisset
2843 1359 2914 1431 in
2955 1359 3264 1452 patriam

915 1483 1480 1583 gloriosissimus
1515 1481 2008 1576 triumphator
2044 1500 2253 1554 more
2290 1480 2514 1555 bovis.
2546 1519 2645 1534 -
2670 1484 2874 1553 Siata.
2914 1479 3046 1553 Hic
3081 1478 3268 1553 Bea—

917 1608 1059 1680 trix
1110 1604 1370 1678 suadet
1420 1622 1512 1676 ex
1565 1600 1770 1674 dictis
1820 1600 2020 1693 quod
2072 1620 2217 1674 non
2268 1599 2498 1673 simus
2548 1599 2762 1672 nimis
2813 1598 3072 1691 festini,
3113 1598 3266 1672 imo

913 1724 1099 1800 tardi
1140 1723 1234 1797 ad
1273 1728 1553 1815 votum,
1580 1718 1867 1795 dicens:
1917 1724 1978 1793 Ο
2010 1722 2349 1812 cristiani,
2381 1722 2556 1792 siale
2585 1715 2708 1813 piic
2739 1722 2955 1810 yram·
2988 1741 3035 1790 a
3070 1739 3267 1791 muo-

912 1849 1130 1939 vervi,
1189 1843 1483 1936 scilicet,
1536 1842 1628 1916 ad
1679 1847 1962 1936 votum,
2010 1861 2156 1913 non
2204 1844 2378 1913 παίει
2428 1861 2620 1914 come
2663 1861 2901 1932 penna
2951 1842 3051 1913 ad
3096 1843 3267 1930 oym'

911 1973 1137 2057 venta,
1173 1964 1378 2056 idest,
1414 1983 1575 2065 non·
1606 1962 1829 2055 leveS,
1868 1981 2014 2034 non
2053 1962 2357 2035 mobiles
2406 1961 2500 2036 ad
2550 1981 2849 2035 omnem
2902 1961 3261 2055 impetum

907 2087 1419 2177 adversorum,
1471 2088 1546 2156 et
1595 2081 1964 2177 praecipue
2030 2082 2457 2178 navigantes
2522 2083 2659 2157 hoc
2724 2082 2969 2157 facere
3029 2082 3264 2157 solent

907 2206 1000 2281 ad
1052 2226 1366 2300 parvum
1418 2209 1723 2278 ventum
1775 2203 2275 2296 contrarium3
2311 2225 2349 2275 e
2385 2224 2531 2276 non
2571 2206 2876 2278 crediate
2924 2206 3043 2276 che
3092 2207 3263 2294 oqui

906 2346 1136 2417 acqua
1185 2326 1255 2395 vi
1303 2326 1468 2415 lavi,
1522 2322 1696 2416 quia
1747 2342 1897 2395 non
1947 2323 2216 2397 sufficit
2265 2344 2461 2417 aqua
2524 2331 2774 2398 sancta
2824 2324 2916 2398 ad
2968 2324 3259 2398 solven-

904 2445 1084 2520 dum
1141 2444 1285 2517 tale
1332 2442 1681 2516 debitum.
1739 2442 1827 2515 Et
1878 2441 2121 2516 subdit
2172 2443 2370 2537 quod
2413 2464 2803 2539 possumus
2854 2437 3015 2518 esse
3066 2462 3254 2538 prae-

903 2564 1099 2640 cauti
1136 2564 1209 2636 in
1254 2564 1413 2656 hoc,
1441 2563 1724 2637 dicens:
1769 2570 1962 2635 avete
2008 2567 2066 2636 il
2107 2584 2336 2636 nuovo
2370 2565 2484 2636 e’l
2514 2566 2783 2637 vecchio
2827 2570 3250 2653 testamento,

901 2705 1226 2779 quorum
1279 2688 1687 2777 utrumque
1738 2684 2063 2779 praecipit
2116 2683 2426 2758 reddere
2460 2684 2657 2776 quod
2694 2690 3043 2758 vovetur:
3081 2691 3154 2757 et
3186 2683 3245 2755 si

898 2805 1249 2902 ignoratis
1284 2824 1569 2878 sacram
1610 2806 2077 2899 scripturam,
2105 2804 2387 2879 habetis
2420 2808 2477 2878 il
2490 2812 2743 2898 pascor
2778 2808 2962 2878 della
2996 2808 3246 2895 chiesa,

897 2926 1106 3020 quasi
1157 2925 1370 3018 dicat,
1422 2924 1761 3019 praelatos
1813 2925 2289 3020 praedicantes
2340 2932 2415 3000 et
2464 2926 2860 3023 dirigentes
2922 2946 3053 3001 vos
3103 2925 3246 2999 sal—

895 3053 1044 3121 tem
1100 3045 1370 3138 verb03
1423 3043 1588 3117 ideo
1655 3044 1847 3138 dicit,
1900 3046 2021 3118 che
2084 3048 2155 3118 vi
2209 3047 2453 3139 quida,
2510 3052 2584 3120 et
2650 3046 2838 3140 ide0,
2891 3054 3125 3138 questo
3174 3049 3246 3118 vi

894 3167 1074 3238 basii
1120 3186 1168 3235 a
1220 3172 1456 3238 vostro
1505 3168 1955 3239 salvamento.
1986 3205 2085 3218 —
2109 3170 2214 3239 Se.
2287 3166 2416 3240 Hic
2482 3166 2776 3240 Beatrix
2840 3167 3054 3242 docet
3115 3187 3243 3241 nos

892 3284 1196 3358 obviare
1249 3283 1357 3355 bis
1408 3304 1579 3378 quae
1630 3284 2082 3379 praecipitant
2134 3307 2266 3359 nos
2320 3285 2391 3357 in
2444 3292 2637 3379 vota,
2691 3286 2983 3381 scilicet,
3035 3286 3239 3381 cupi-

891 3403 1235 3480 ditatibus
1287 3403 1576 3498 nostriS,
1612 3405 1899 3479 dicens:
1940 3426 2014 3478 se
2048 3409 2240 3479 mala
2274 3408 2628 3499 cupidiyia
2658 3410 2849 3481 altro
2886 3410 2955 3479 vi
2997 3409 3236 3498 yrida,

891 3524 1080 3599 sicut
1113 3522 1468 3617 cupiditas
1503 3524 1837 3599 vindictae
1888 3525 2242 3619 compulit
2288 3524 2945 3622 Agamemnonem,
2982 3532 3057 3601 et
3105 3546 3234 3600 cu-

890 3645 1147 3740 piditas
1182 3645 1506 3720 victoriae
1546 3646 1877 3740 Jephthe,
1910 3646 2001 3719 ad
2040 3651 2189 3718 tam
2227 3665 2424 3720 caeca
2459 3651 2667 3740 vota3
2703 3652 2779 3720 et
2811 3647 2910 3720 ita
2960 3645 3233 3741 cupidi-

890 3773 998 3840 tas
1049 3764 1236 3840 lucri
1287 3765 1655 3862 compellit
1702 3785 2060 3859 avarum,
2099 3785 2317 3862 ergo:
2360 3767 2533 3838 siate
2573 3768 2837 3840 nomini
2867 3757 2983 3859 (²);
3027 3764 3229 3861 quasi

883 3886 1109 3962 dicat:
1149 3887 1484 3983 regimini
1524 3887 1828 3980 ratione,
1866 3906 2037 3979 quae
2083 3887 2373 3982 regulat
2408 3885 2846 3980 passionem,
2874 3908 2912 3958 e
2946 3907 3088 3958 non
3102 3906 3229 3978 pe-

882 4029 1045 4081 core
1078 4015 1311 4102 multe,
1353 4029 1522 4102 quae
1557 4013 1977 4101 sequuntur
2028 4007 2259 4082 solam
2297 4007 2872 4099 sensualitatem,
2923 3999 2986 4078 εὶ
3034 4009 3151 4078 cloe
3180 4007 3232 4076 ’l

886 4131 1176 4218 GiudeO,
1226 4130 1353 4223 qui
1407 4129 1626 4203 habet
1678 4128 1916 4201 solum
1971 4133 2184 4201 vetus
2237 4132 2785 4222 testamentum,
2837 4135 2912 4201 et
2960 4128 3230 4222 optime

880 4253 1127 4322 servat
1176 4255 1539 4343 praecepta
1590 4247 1770 4344 legis
1818 4247 2165 4341 antiquae,
2208 4254 2323 4320 cra
2377 4251 2491 4321 voi
2539 4251 2616 4322 di
2665 4252 2779 4322 voi
2825 4269 2972 4322 non
3019 4250 3229 4339 ndu,-

880 4372 954 4441 et
1004 4385 1182 4441 vere
1222 4365 1450 4460 judaei
1504 4367 1867 4440 mirantur
1923 4366 2242 4439 multum
2296 4374 2369 4441 et
2423 4368 2819 4443 truffantur
2883 4368 2976 4442 de
3040 4365 3231 4442 cbri-

1002 4624 1056 4685 (“)
1088 4623 1149 4675 Β.
1184 4623 1439 4675 adultero.
1939 4623 1999 4688 (²)
2027 4626 2087 4677 E.
2122 4628 2332 4686 nomini,
2366 4627 2514 4689 idest,
2547 4628 2803 4692 regimini.
