3734 5567
962 464 1103 531 430
1504 546 1508 550 ἢ
1745 473 2153 528 commum
2203 471 2534 526 mrumsr

958 621 1446 716 praecipitatus
1486 625 1599 694 est
1632 617 1805 712 quia
1841 617 2227 692 videbatur
2261 616 2610 691 affectare
2652 636 3001 712 regnum:
3043 616 3310 691 deinde

956 741 1157 815 Titus
1188 740 1512 817 Manlius
1565 739 1784 833 impie
1834 743 2190 812 tractatus
2240 758 2284 810 a
2337 743 2567 832 patre,
2602 736 2730 829 qui
2781 756 2958 810 eum
3011 738 3306 813 tenebat

958 862 1029 934 in
1081 882 1260 936 rure
1310 862 1402 935 ad
1453 881 1680 956 opera
1738 858 2056 952 servilia,
2108 856 2443 932 liberavit
2492 862 2778 951 patrem
2841 858 2937 932 ab
2999 879 3305 934 accusa-

960 981 1155 1056 tione
1209 981 1502 1054 tribuni.
1541 980 1739 1054 Idem
1782 979 2059 1075 gallum
2103 998 2338 1051 unum
2387 996 2735 1051 senonem
2779 985 3298 1071 provocantem

958 1101 1132 1175 vicit
1183 1101 1256 1173 in
1306 1100 1655 1197 singulari
1708 1098 2138 1192 certamine,
2190 1119 2233 1171 a
2287 1118 2438 1191 quo
2489 1095 2730 1171 occiso
2773 1101 3116 1191 torquem
3165 1120 3301 1173 au-

963 1241 1166 1296 ream
1201 1215 1273 1312 (¹)
1310 1203 1653 1313 extorsit,
1681 1225 1755 1294 et
1797 1219 2142 1313 imposuit
2175 1218 2362 1292 collo
2404 1238 2563 1311 suo,
2605 1222 2904 1311 propter
2938 1218 3136 1312 quod
3173 1240 3303 1294 co-

960 1340 1434 1437 gnominatus
1484 1345 1594 1414 est
1643 1340 2081 1433 TorquatuS,
2133 1343 2209 1412 et
2258 1356 2515 1411 omnes
2576 1336 2669 1410 de
2733 1336 2958 1432 stirpe
3008 1360 3162 1413 sua.
3213 1338 3303 1413 Et

955 1462 1151 1537 idem
1205 1461 1331 1554 qui
1374 1462 1615 1535 fuerat
1647 1460 1811 1556 pius
1847 1479 2028 1555 erga
2061 1463 2346 1553 patrem
2390 1456 2604 1531 nimis
2646 1456 2920 1553 rigidus
2961 1457 3097 1530 ruit
3127 1478 3304 1532 con-

957 1590 1072 1656 tra
1125 1582 1394 1676 filium3
1448 1603 1618 1656 nam
1671 1580 1744 1653 in
1795 1580 1988 1654 bello
2037 1579 2261 1653 latino
2311 1578 2722 1673 periculoso
2781 1577 3011 1651 filium
3064 1580 3302 1653 securi

955 1701 1333 1798 percussit,
1360 1700 1487 1795 qui
1524 1700 1832 1773 latinum
1869 1705 2394 1793 provocantem
2423 1697 2658 1772 victor
2696 1697 3087 1791 occiderat,
3124 1697 3296 1791 quia

957 1828 1217 1896 contra
1277 1820 1596 1895 edictum
1660 1819 2047 1893 consulum
2107 1823 2588 1913 pugnaverat.
2664 1817 2751 1891 Et
2815 1817 2888 1890 in
2954 1837 3047 1891 eo
3111 1817 3300 1891 bello

957 1941 1146 2016 alter
1198 1941 1453 2016 consul
1505 1938 1768 2013 Decius
1821 1960 1994 2013 mox
2046 1959 2180 2033 pro
2216 1957 2353 2011 suo
2386 1937 2717 2012 exercitu
2764 1957 2845 2012 se
2877 1937 3192 2032 devovit,
3228 1950 3301 2014 et

964 2061 1258 2134 irruens
1308 2058 1608 2134 inermis
1648 2078 1820 2131 cum
1858 2077 2056 2150 equo
2090 2062 2345 2131 contra
2382 2058 2627 2131 hostes
2663 2056 2945 2131 occisus
2981 2063 3110 2131 est.
3148 2057 3304 2131 Non

962 2179 1238 2252 mirum
1293 2198 1474 2273 ergo
1526 2176 1586 2250 si
1638 2177 1923 2250 romani
1972 2176 2349 2251 redierunt
2384 2196 2556 2250 cum
2594 2175 2897 2250 victoria
2933 2183 3009 2251 et
3044 2176 3303 2251 trium-

963 2299 1128 2393 pho.
1152 2296 1257 2370 Ad
1282 2295 1771 2393 cognitionem
1798 2295 2066 2384 Quintii
2102 2302 2213 2371 est
2246 2296 2623 2371 sciendum
2664 2297 2883 2390 quod,
2910 2296 3101 2371 sicut
3133 2296 3304 2372 scri-

964 2416 1067 2490 bit
1114 2415 1360 2491 Livius
1410 2416 1595 2490 libro
1647 2416 1759 2509 111,
1808 2415 2148 2503 Quintius
2196 2416 2663 2490 Cincinnatus
2707 2416 3098 2512 singularis
3146 2436 3303 2511 spae

962 2536 1248 2632 imperii
1298 2535 1543 2631 populi
1596 2536 1908 2629 romani,
1961 2556 2241 2631 pauper
2293 2536 2524 2610 factus
2558 2556 2650 2610 ex
2699 2537 3302 2611 condemnatione

961 2657 1225 2731 iniusta
1262 2677 1486 2749 quam
1524 2656 1845 2731 solverat
1877 2676 2012 2750 pro
2047 2656 2377 2730 Censone
2428 2656 2573 2730 filio
2626 2677 2762 2730 suo
2805 2657 3086 2751 juvene
3135 2676 3303 2751 pro-

967 2777 1285 2869 bissimo,
1338 2775 1714 2849 habitabat
1790 2775 1986 2849 ultra
2050 2776 2369 2850 Tiberim
2434 2797 2704 2850 vacans
2763 2776 2969 2871 operi
3038 2775 3303 2850 rustico

962 2897 1275 2991 quando·
1310 2894 1704 2988 requisitus
1754 2901 1867 2969 est
1919 2894 2116 2987 quod
2169 2895 2404 2970 factus
2452 2895 2763 2969 dictator
2817 2895 3108 2970 veniret
3162 2895 3308 2967 Ro-

966 3037 1191 3108 mam,
1229 3014 1400 3107 quia
1443 3013 1787 3087 Minutius
1836 3014 2092 3088 consul
2144 3034 2318 3088 cum
2355 3020 2506 3088 toto
2541 3014 2870 3089 exercitu
2922 3014 2997 3088 in
3049 3034 3307 3108 campo

968 3139 1130 3208 erat
1154 3133 1494 3207 obsessus
1530 3133 1626 3206 ab
1651 3132 1908 3227 AEquis
1936 3133 2263 3207 hostibus
2290 3154 2803 3209 romanorum:
2832 3135 2957 3230 qui
2989 3134 3306 3226 veniens,

967 3253 1156 3327 facto
1205 3259 1562 3347 apparatu
1614 3273 1773 3346 su0‚
1826 3254 2068 3327 statim
2121 3254 2402 3329 obsedit
2452 3256 2693 3330 hostes
2733 3256 2862 3350 qui
2914 3277 3300 3330 romanum

969 3372 1379 3450 exercitum
1417 3378 1492 3446 et
1524 3372 1903 3446 consulem
1939 3373 2375 3447 clauserant.
2418 3375 2508 3448 Et
2553 3376 2876 3450 breviter
2912 3375 3128 3469 AEqui
3166 3376 3301 3449 im-

968 3491 1270 3589 pugnati
1320 3490 1415 3563 ab
1469 3511 1614 3565 una
1674 3497 1884 3584 parte
1932 3513 1976 3565 a
2028 3492 2406 3588 dictatore,
2469 3495 2565 3569 ab
2629 3496 2860 3571 altera
2912 3517 2956 3569 a
3008 3497 3304 3570 consule

854 3645 862 3651 ·
964 3612 1400 3688 dediderunt
1425 3631 1525 3704 se,
1554 3631 1741 3704 quos
1775 3610 1849 3684 in
1885 3612 2178 3709 signum
2213 3614 2585 3689 servitutis
2619 3616 2758 3690 sub
2782 3617 3051 3712 Jugum
3091 3615 3299 3707 misit,

965 3738 1039 3808 et
1106 3735 1337 3805 totam
1397 3729 1723 3825 praedam
1791 3732 2031 3807 solum
2100 3732 2295 3808 dedit
2366 3734 2516 3808 suis
2591 3735 2936 3810 militibus
3008 3736 3301 3811 consule

964 3859 1271 3945 cassato,
1309 3856 1384 3924 et
1432 3870 1604 3924 cum
1659 3849 2031 3947 triumpho
2082 3852 2249 3927 laete
2299 3854 2511 3928 rediit
2560 3861 2636 3929 et
2685 3855 3016 3950 spoliavit
3066 3876 3148 3931 se
3198 3854 3303 3928 di-

964 3980 1253 4049 ctatura
1305 3978 1509 4046 sexta
1560 3971 1845 4045 decima
1896 3972 2035 4066 die,
2089 3995 2316 4067 quam
2377 3980 2627 4050 tamen
2687 3976 2761 4048 in
2826 3996 2954 4051 sex
3018 3994 3302 4051 menses

964 4096 1371 4187 acceperat,
1425 4090 1520 4163 ita
1575 4096 1658 4164 ut
1706 4091 1798 4165 ad
1847 4091 2230 4166 dimissum
2283 4115 2468 4189 opus
2521 4096 2879 4171 rusticum
2923 4096 3165 4171 redite
3202 4095 3306 4169 vi-

966 4209 1288 4284 deretur.
1329 4209 1434 4282 Ad
1469 4211 1959 4305 cognitionem
1994 4214 2388 4288 Deciorum
2432 4222 2543 4290 est
2582 4217 2880 4292 brevius
2930 4217 3303 4292 sciendum

965 4328 1164 4422 quod
1214 4328 1621 4401 secundum
1671 4330 1960 4404 Livium
2012 4338 2088 4406 et
2135 4332 2315 4408 alios
2366 4334 2768 4431 historicos,
2811 4336 2961 4411 duo
3010 4335 3307 4411 fuerunt

1091 4583 1151 4652 (¹)
1181 4585 1244 4635 Ε.
1277 4583 1409 4633 auri.
