3734 5567
1327 546 1603 603 CANTUs
1652 547 1994 604 oc'rAst.
2691 541 2831 607 497

488 718 580 773 ex
635 698 795 789 hoc,
838 687 1100 789 perche*
1145 700 1586 786 quantunque
1635 700 1868 786 questo
1920 715 2094 766 arco
2125 700 2374 788 saeua,
2414 695 2600 771 idest
2634 696 2834 791 quic·

490 817 666 913 quid
715 816 987 891 coelum
1043 812 1287 909 dirigit
1336 812 1611 887 virtute
1662 834 1822 908 sua,
1864 816 2037 888 cade
2086 817 2392 908 disposto
2443 838 2492 889 a
2530 837 2839 910 provve-

489 941 654 1014 duto
697 941 881 1032 fine,·
918 935 1113 1010 unde
1148 933 1316 1007 nihil
1362 940 1471 1007 est
1504 933 1782 1007 bonum
1825 933 1960 1008 nisi
2001 955 2133 1029 per
2175 956 2476 1010 causam
2520 936 2835 1031 finalem,

490 1060 678 1134 sicut
730 1079 853 1131 ars
904 1053 1349 1129 medicinalis
1398 1053 1493 1127 ad
1543 1053 1956 1147 sanitatem,
1991 1059 2066 1129 et
2101 1054 2431 1130 militaris
2462 1055 2556 1130 ad
2606 1055 2838 1130 victo-

491 1178 702 1273 riam,
730 1199 775 1251 a
809 1174 1045 1269 simili,
1080 1166 1141 1246 si
1172 1193 1364 1246 come
1395 1193 1601 1246 cocca
1632 1176 1707 1246 in
1739 1194 1868 1248 suo
1901 1194 2117 1265 seque
2149 1176 2430 1267 diretta,
2454 1194 2622 1268 quae
2656 1174 2836 1249 dila-

490 1302 689 1372 tatur
738 1297 901 1391 plus
952 1299 1027 1369 et
1061 1293 1305 1366 minus
1344 1293 1750 1367 secundum
1787 1291 2184 1388 potentiam
2225 1301 2509 1369 naturae
2535 1314 2710 1368 suae.
2737 1335 2837 1348 —

488 1421 577 1491 Se
600 1408 726 1489 α’ὸ.
755 1414 887 1489 Hic
911 1414 1216 1488 Carolus
1251 1413 1512 1507 probat
1545 1411 2008 1508 praemissum
2045 1413 2476 1509 principium
2506 1434 2638 1510 per
2672 1416 2837 1508 hoc,

488 1536 687 1632 quod
737 1536 876 1609 isto
925 1534 1299 1610 destructo
1358 1539 1799 1628 sequeretur
1862 1532 2259 1609 destructio
2325 1541 2397 1608 et
2460 1534 2836 1629 perversio

488 1656 812 1732 universi
838 1649 943 1749 (¹);
984 1654 1183 1729 unde
1219 1653 1420 1729 dicit:
1463 1658 1551 1727 Se
1584 1645 1692 1726 οἱὸ
1732 1675 1880 1726 uon
1917 1657 2131 1747 fosse,
2167 1660 2612 1748 sequeretur
2645 1655 2838 1729 istud

489 1776 1028 1869 inconvenienS,
1069 1779 1124 1849 il
1160 1778 1288 1848 ciel
1318 1777 1437 1847 che
1472 1780 1541 1847 tu
1576 1778 1944 1866 cammite,
1980 1765 2186 1870 idest,
2234 1795 2366 1869 per
2402 1775 2598 1871 quod
2633 1775 2835 1850 vadis

494 1896 907 1970 mentaliter
957 1893 1518 1989 contemplando
1570 1893 1931 1968 mirabilia
1981 1914 2203 1989 opera
2259 1894 2440 1990 eiuS,
2483 1897 2835 1989 produce-

489 2017 693 2089 rebbe
739 2008 800 2088 si
848 2018 900 2089 li
945 2018 1099 2089 suoi
1146 2018 1373 2107 effecti,
1409 2017 1527 2088 che
1569 2035 1712 2087 nou
1745 2013 2078 2086 sarebber
2127 2018 2272 2088 arti
2319 2036 2439 2088 ma
2488 2019 2706 2089 ruine
2745 2016 2834 2088 Et

490 2137 752 2231 probat
805 2137 941 2209 hoc
992 2155 1154 2210 esse
1205 2132 1646 2228 impossibile
1697 2133 1982 2207 ratione
2031 2133 2629 2229 demonstrativa,
2663 2134 2833 2229 quia

495 2256 587 2329 ad
641 2257 785 2330 tale
837 2276 1193 2350 magnum
1230 2253 1747 2328 inconveniens
1780 2258 2221 2347 sequeretur
2254 2252 2452 2328 aliud
2489 2253 2726 2328 maius
2765 2263 2839 2331 et

488 2374 688 2449 aliud
741 2373 1174 2447 maximum.
1228 2372 1434 2447 Unde
1484 2371 1697 2445 dicit:
1741 2393 1779 2444 e
1810 2367 1919 2444 cio
1951 2392 2137 2445 esser
2168 2392 2316 2445 non
2337 2364 2484 2464 pud
2516 2393 2591 2444 se
2620 2374 2840 2462 yrin-

490 2495 739 2585 telletti,
793 2494 974 2567 idest
1025 2491 1540 2589 intelligentiae,
1591 2494 1710 2564 che
1759 2512 2059 2565 muovon
2109 2499 2335 2585 queste
2394 2495 2605 2583 stelle,
2658 2491 2839 2567 idest

493 2614 712 2688 orbes
781 2615 1240 2708 planetarum
1303 2617 1377 2687 et
1440 2613 1842 2706 stellarum,
1907 2632 2052 2684 non
2108 2632 2239 2684 son
2304 2614 2603 2703 manchi,
2655 2611 2837 2686 idest

489 2732 846 2826 defectivi,
901 2753 939 2805 e
988 2751 1238 2804 manco
1285 2733 1341 2805 il
1375 2735 1645 2824 prime,
1686 2731 1956 2806 scilicet
1988 2731 2210 2825 DeuS,
2244 2731 2372 2825 qui
2408 2736 2518 2806 est
2554 2731 2835 2827 primus

488 2852 897 2927 intellectus
948 2857 1024 2925 et
1072 2849 1355 2945 primus
1406 2855 1673 2944 motor,
1722 2852 1842 2923 che
1890 2872 2036 2923 non
2067 2854 2167 2942 qli
2197 2853 2290 2923 Ιια
2312 2854 2616 2945 perfetti,
2657 2851 2838 2926 idest

490 2992 637 3046 non
688 2972 856 3045 fecit
904 2971 1206 3067 angelos
1259 2970 1637 3066 perfectoS,
1675 2971 1801 3065 qui
1842 2975 2095 3046 tamen
2146 2976 2318 3045 sunt
2368 2971 2837 3065 perfectiores

490 3091 691 3164 omni
749 3098 1113 3165 creatura.
1181 3091 1270 3164 Et
1337 3090 1510 3186 quia
1578 3092 1717 3165 hoc
1783 3092 2074 3166 videtur
2134 3092 2304 3166 satis
2355 3091 2836 3185 declaratum,

489 3210 660 3284 dicit
709 3211 1061 3285 Carolus:
1115 3213 1271 3283 vuo'
1311 3218 1381 3283 tu
1430 3213 1549 3285 che
1601 3218 1834 3303 questo
1899 3233 2092 3305 vere,
2144 3212 2349 3307 idest,
2405 3211 2837 3308 principium

490 3331 1097 3424 demonstratum,
1139 3325 1266 3423 piu
1319 3335 1369 3405 ti
1415 3335 1471 3403 ,ς’
1497 3333 1921 3407 imbiauclu‘?
1969 3333 2173 3427 idest,
2228 3333 2462 3430 magis
2510 3332 2840 3408 declare-

492 3454 614 3523 tur
667 3449 788 3523 tibi
842 3450 984 3525 alia
1038 3450 1318 3524 ratione
1343 3455 1376 3522 ‘t
1439 3451 1528 3523 Et
1578 3452 1780 3545 ponit
1840 3451 2383 3547 responsionem
2439 3473 2678 3547 suam,
2727 3450 2840 3525 di-

491 3590 709 3645 cens:
762 3576 829 3643 et
871 3573 984 3642 io:
1035 3570 1312 3664 supple,
1354 3569 1524 3665 dixi,
1562 3592 1708 3644 non
1754 3561 1904 3663 yid,
1938 3571 2146 3666 quasi
2182 3571 2397 3665 dicat,
2433 3580 2637 3647 certe
2671 3572 2839 3645 nolo

490 3690 706 3764 aliam
761 3688 1293 3784 probationem,
1356 3685 1477 3764 che*
1534 3692 1951 3783 impossibile
2009 3695 2277 3782 veqyio,
2340 3692 2595 3786 supple
2653 3710 2837 3784 esse,

490 3811 611 3881 che
661 3810 735 3880 la
782 3813 1044 3880 natura
1076 3809 1152 3880 in
1186 3810 1343 3900 quel
1373 3802 1528 3881 clt'e*
1555 3829 1738 3902 uopo
1770 3812 2067 3901 stanchi,
2100 3809 2307 3903 idest,
2344 3809 2539 3904 quod
2575 3814 2839 3883 natura

490 3926 779 4003 deficiat
828 3928 905 4001 in
941 3927 1365 4003 necessariis
1402 3928 1591 4003 sicut
1624 3935 1936 4004 testatur
1971 3928 2438 4023 philosophus
2478 3929 2551 4001 in
2593 3928 2842 4002 multis

490 4048 686 4123 locis,
741 4048 829 4121 Et
879 4046 995 4121 hic
1046 4054 1220 4122 nota
1272 4047 1471 4141 quod
1522 4056 1791 4122 natura
1853 4068 2000 4122 non
2064 4046 2304 4122 deficit
2363 4046 2437 4121 in
2506 4067 2841 4124 necessa-

495 4166 643 4259 riis,
694 4167 866 4259 quia
917 4165 1114 4240 dedit
1163 4166 1439 4240 homini
1477 4167 1837 4242 rationem
1873 4187 2007 4262 per
2044 4186 2268 4262 quam
2312 4173 2548 4263 potest
2585 4167 2841 4263 acqui-

496 4303 667 4358 rere
717 4304 1014 4359 omnem
1065 4292 1330 4381 artem,
1366 4292 1442 4361 et
1479 4307 1612 4382 per
1647 4306 2108 4381 consequens
2147 4286 2396 4361 omnia
2432 4288 2839 4364 necessaria

495 4423 918 4498 procurare.
981 4403 1070 4479 Et
1138 4412 1399 4480 natura
1473 4427 1852 4500 nunquam
1918 4407 2214 4501 fallitur,
2282 4407 2449 4483 licet
2509 4429 2655 4483 non
2714 4428 2842 4483 co-

616 4662 674 4727 (¹)
706 4663 765 4714 13.
799 4663 1023 4714 universi
1057 4666 1273 4727 mundi3
1306 4666 1463 4717 unde.

761 4769 836 4814 xv.
2512 4772 2567 4815 ⁸2
