3734 5567
1114 466 1389 522 camus
1437 468 1867 523 rnmnsnuus
1918 468 2245 523 'rannus
2695 457 2838 525 283

495 630 665 705 quae
716 609 1047 685 similiter
1097 609 1444 685 dicuntur
1492 612 1691 687 nasci
1741 633 1834 688 ex
1885 612 2147 687 eodem
2201 612 2420 687 fonte.
2466 612 2575 686 Ad
2625 612 2837 687 cuius

493 730 1041 827 intelligentiam
1094 737 1205 805 est
1246 730 1570 806 breviter
1620 732 1998 807 sciendum
2045 732 2242 826 quod
2281 732 2514 828 Tigris
2563 739 2639 807 et
2687 733 2839 805 Eu-

490 851 807 947 phrateS,
883 851 1070 925 sicut
1145 856 1510 928 testantur
1584 851 1966 926 clarissimi
2041 857 2377 944 autoreS,
2454 851 2833 947 SalustiuS,

493 971 765 1046 Plinius
824 978 897 1046 et
963 972 1086 1046 alii
1137 970 1371 1065 multi,
1427 978 1728 1046 manant
1779 993 1873 1045 ex
1941 992 2091 1045 uno
2153 977 2406 1046 monte
2468 970 2836 1045 Armeniae

494 1091 817 1186 maioris,
858 1098 934 1165 et
982 1111 1076 1166 ex
1129 1090 1389 1165 eodem
1443 1090 1644 1165 fonte
1692 1111 1738 1164 a
1789 1095 2001 1185 parte
2051 1088 2426 1165 meridiei:
2479 1096 2554 1164 et
2603 1091 2836 1187 Tigris

497 1212 793 1306 quidem
852 1212 1016 1305 plus
1085 1210 1376 1305 respicit
1439 1210 2011 1304 septentrionem
2078 1216 2153 1285 et
2200 1210 2528 1284 decurrit
2591 1229 2836 1304 usque

495 1330 589 1406 ad
621 1329 1097 1426 Babyloniam
1141 1349 1485 1427 magnam
1528 1329 1864 1425 Assyriae,
1900 1330 2027 1404 sed
2070 1350 2217 1404 non
2252 1330 2477 1403 intrat
2517 1329 2833 1423 moenia3

496 1450 902 1546 Euphrates
954 1468 1134 1523 vero
1184 1448 1376 1523 bene
1425 1447 1833 1544 ingreditur
1890 1448 2281 1524 civitatem.
2361 1450 2503 1524 Ista
2576 1457 2831 1524 autem

494 1569 645 1644 duo
705 1567 1009 1641 flumina
1071 1566 1412 1642 habentia
1477 1588 1709 1640 unum
1772 1573 1998 1663 caput
2058 1567 2326 1643 iterum
2388 1569 2834 1643 conveniunt

494 1688 570 1762 in
619 1707 880 1779 unum,
930 1692 1015 1759 ut
1062 1685 1233 1759 dicit
1281 1686 1578 1760 Boetius
1635 1686 1710 1759 in
1776 1686 2032 1780 quinto
2056 1679 2154 1779 (¹).
2208 1688 2407 1763 Licet
2456 1694 2711 1762 autem
2763 1687 2835 1761 in

494 1827 703 1882 sacra
752 1806 1128 1901 Scriptura
1191 1805 1530 1879 dicantur
1592 1806 1769 1880 oriri
1836 1806 1932 1881 de
1992 1807 2327 1902 paradiso
2375 1807 2830 1900 deliciarum,

492 1925 634 1999 hoc
698 1931 934 2020 potest
997 1944 1158 1999 esse
1224 1924 1318 1999 de
1382 1925 1621 2019 primo
1687 1932 1856 2000 ortu
1928 1925 2343 2030 incognito„
2386 1926 2515 2001 sed
2580 1933 2832 2022 postea

494 2044 701 2119 nobis
733 2050 1086 2140 apparent
1119 2044 1359 2139 primo
1394 2045 1467 2117 in
1501 2045 1868 2120 Armenia.
1907 2045 2014 2119 Ad
2047 2045 2334 2120 literam
2388 2066 2608 2141 ergo:
2661 2044 2831 2120 dicit

492 2170 748 2260 poeta:
800 2166 1135 2238 Parve-mi
1179 2166 1388 2237 veder
1422 2167 1717 2238 dinanzi
1747 2167 1849 2238 ad
1884 2186 2056 2257 esse,
2092 2164 2382 2258 scilicet,
2417 2170 2590 2239 ante
2639 2165 2828 2259 ipsas

492 2284 849 2378 dominas,
918 2287 1211 2377 Eufrate
1269 2306 1306 2356 e
1383 2287 1579 2375 wyri
1640 2288 1828 2358 uscir-
1893 2288 2125 2358 d’zma
2182 2289 2484 2378 fontana
2500 2311 2532 2379 ,·
2583 2292 2656 2360 et
2706 2285 2824 2359 hic

497 2410 669 2479 nota
729 2403 926 2497 quod
987 2410 1203 2498 poeta
1281 2404 1604 2497 loquitur
1678 2405 1963 2500 poetice
2037 2412 2111 2479 et
2185 2405 2584 2500 moraliter,
2656 2405 2830 2498 quia

497 2522 703 2620 fingit
749 2522 901 2597 duo
958 2522 1257 2597 flumina
1294 2529 1608 2617 tantum,
1646 2523 1938 2618 scilicet,
1971 2525 2271 2599 Lethem
2326 2530 2398 2598 et
2449 2525 2706 2598 Eunoe
2758 2523 2830 2597 in

498 2642 634 2716 isto
683 2640 1017 2737 paradiso
1052 2641 1501 2716 deliciarum.
1538 2641 1916 2737 Scriptura
1977 2643 2172 2718 enim
2234 2649 2484 2717 sancta
2516 2635 2591 2735 (²)
2625 2642 2827 2737 ponit

494 2767 815 2857 quatuor
883 2761 1187 2836 flumina
1257 2761 1379 2856 ibi,
1447 2763 1739 2856 scilicet,
1808 2762 2150 2857 praedicta
2209 2762 2479 2859 Tigrim
2541 2770 2616 2837 et
2681 2763 2831 2834 Eu-

490 2883 853 2977 phratem,
891 2888 965 2957 et
1014 2880 1156 2955 alia
1205 2881 1379 2975 duc,
1417 2882 1688 2957 scilicet
1720 2882 1962 2956 Nilum
2002 2889 2076 2957 et
2107 2883 2461 2978 Gangem.
2499 2883 2584 2955 Et
2618 2881 2827 2956 dicit:

490 3022 528 3074 e
560 3003 929 3093 dipartirsi
948 3004 1172 3094 piyri,
1207 3002 1418 3095 quasi
1468 3003 1722 3076 amici:
1778 3009 1851 3077 et
1903 3008 2013 3077 est
2061 3003 2315 3096 pulcra
2370 3003 2818 3096 metaphora.

488 3120 662 3194 Vult
709 3122 906 3195 enim
958 3111 1369 3212 innuere(³)
1427 3122 1623 3215 quod
1674 3124 1832 3196 haec
1865 3121 2017 3196 duo
2050 3122 2351 3196 flumina
2391 3122 2829 3196 videbantur

488 3239 684 3314 male
750 3239 1059 3314 libenter
1112 3240 1457 3316 recedere
1503 3240 1601 3314 ab
1649 3241 1987 3334 invicem,
2041 3241 2228 3316 sicut
2293 3248 2493 3317 recte
2557 3241 2830 3316 faciunt

490 3359 644 3434 duo·
690 3359 906 3434 amici
958 3359 1252 3452 quando
1305 3359 1654 3434 recedunt
1690 3382 1885 3433 unus
1917 3361 2013 3435 ab
2053 3362 2287 3436 altero
2323 3361 2497 3433 ituri
2536 3361 2629 3435 ad
2671 3361 2829 3436 loca

490 3480 927 3576 longinqua3
980 3500 1149 3553 nam
1202 3485 1583 3573 tamquam
1639 3481 1784 3554 nati
1839 3501 1933 3555 ex
1984 3481 2242 3557 eodem
2291 3488 2506 3555 utero
2556 3480 2831 3554 amoris

491 3600 847 3674 recedunt
897 3599 1199 3695 pigriter
1250 3605 1324 3675 et
1375 3620 1548 3673 cum
1602 3599 1944 3696 lacrymis
1994 3621 2143 3674 non
2195 3599 2505 3674 revisuri
2564 3620 2645 3674 se
2694 3598 2829 3673 nisi

489 3726 653 3815 post
703 3720 1007 3814 longum
1061 3726 1371 3813 tempus,
1400 3759 1499 3772 —
1534 3723 1595 3793 0
1629 3724 1793 3793 luce.
1831 3721 2042 3793 Nunc
2091 3727 2305 3815 poeta
2354 3718 2557 3814 ponit
2608 3738 2819 3791 suam

488 3839 897 3914 orationem
932 3838 1023 3912 ad
1059 3838 1465 3913 Beatricem
1515 3846 1768 3934 petens
1808 3859 1978 3932 quae
2028 3838 2117 3912 sit
2167 3859 2359 3932 aqua
2403 3839 2577 3931 ista3
2631 3836 2830 3912 unde

489 3959 938 4053 stupefactus
970 3956 1294 4033 novitate
1331 3957 1437 4032 rei
1475 3957 1822 4031 mirabilis
1866 3957 2227 4031 exclamat
2267 3964 2566 4052 captans
2599 3956 2828 4030 bene-

489 4078 905 4170 volentiam,
954 4083 1028 4152 et
1071 4076 1317 4151 dicens
1366 4076 1458 4151 ad
1512 4096 1720 4151 eam:
1769 4080 1830 4150 0
1863 4079 2034 4168 luce,
2068 4097 2113 4148 ο
2144 4078 2379 4167 gloria
2413 4077 2600 4148 della
2628 4082 2831 4165 qente

485 4217 776 4290 amana,
842 4197 1051 4290 quasi
1102 4197 1334 4271 dicat:
1371 4217 1418 4270 o
1459 4197 1777 4290 Beatrix,
1820 4195 2119 4271 scientia
2154 4195 2515 4270 luminosa
2551 4200 2627 4269 et
2667 4195 2831 4291 glo-

487 4317 681 4391 riosa
732 4337 900 4410 quae
951 4318 1269 4391 illustras
1317 4318 1731 4413 cognitione
1783 4317 2197 4391 divinorum
2259 4317 2581 4390 cultores
2637 4322 2824 4409 tuos,

612 4504 665 4564 (¹)
698 4504 761 4553 E.
792 4503 846 4553 in
877 4504 1058 4567 quinto
1090 4504 1155 4555 de
1187 4503 1551 4555 consolatione.
1585 4503 1746 4553 Licet.

609 4579 666 4642 Ρ)
698 4579 759 4630 Β.
791 4593 954 4632 uera.
1583 4576 1637 4638 θ)
1669 4582 1779 4639 11⁷,
1811 4578 2004 4630 dicere.
