3734 5567
839 461 980 527 232
1560 467 1966 521 COMENTUM
2017 466 2450 521 PURGATORu

834 617 952 691 vel
1001 612 1281 705 evadat,
1335 631 1453 683 ma
1500 618 1643 685 rete
1690 613 1754 682 si
1800 612 2041 702 spieya
2090 611 2427 700 inclamo,
2475 608 2569 683 ad
2619 608 3076 704 capiendum,
3129 632 3173 682 ο

831 740 896 810 si
940 740 1185 822 saeua,
1234 731 1329 806 ad
1378 730 1985 822 interficiendum,
2038 733 2333 803 dinanzi
2380 732 2577 820 dayti
2624 731 2815 802 ocelli
2863 732 2967 803 ἅθ’
2999 750 3174 821 pen-

833 858 1004 945 nati,
1054 853 1257 944 idest,
1312 869 1755 945 magnarum
1806 849 2081 922 avium.
2119 850 2209 921 Et
2240 848 2356 923 hic
2408 854 2580 922 nota
2631 847 2830 941 quod
2879 848 3168 922 Beatrix

836 974 973 1048 sub
1006 968 1472 1044 similitudine
1503 966 1659 1042 avis
1696 966 2085 1061 respondet
2119 967 2500 1061 quaestioni
2541 966 2799 1061 tacitae,
2830 987 2924 1041 ne
2955 973 3170 1062 poeta

833 1098 1075 1187 posset
1121 1090 1366 1164 dicere
1415 1087 1507 1162 ad
1560 1086 2109 1161 excusationem
2161 1107 2410 1161 suam:
2464 1107 2604 1183 ego
2668 1106 2877 1160 eram
2937 1106 3170 1180 purus

835 1217 911 1286 et
957 1209 1266 1303 simplex
1299 1206 1375 1280 in
1415 1206 1697 1281 talibus.
1741 1206 1895 1279 Hoc
1931 1205 2252 1280 excludit
2285 1206 2461 1300 ipsa,
2496 1205 2670 1298 quia
2699 1206 2859 1299 jam
2899 1205 3168 1278 Dantae

835 1334 998 1404 erat
1062 1325 1405 1421 legitimae
1464 1323 1697 1397 aetatis
1778 1323 2074 1417 quando
2151 1329 2448 1397 mortua
2511 1328 2620 1397 est
2693 1323 3033 1414 Beatri13
3095 1329 3170 1396 et

835 1447 1025 1521 bene
1073 1445 1420 1519 assimilat
1469 1464 1645 1518 eum
1696 1443 1815 1517 avi
1844 1435 1948 1536 (¹),
1990 1444 2164 1537 quia
2198 1454 2360 1520 erat
2396 1449 2610 1538 aptus
2651 1450 2867 1517 natus
2907 1443 2996 1516 ad
3042 1463 3172 1516 vo-

836 1564 1136 1639 landum
1170 1562 1263 1637 ad
1293 1563 1461 1656 alta,
1498 1563 1686 1636 sicut
1725 1568 1974 1655 postea
2009 1563 2367 1657 apparuit.
2398 1601 2495 1614 —
2529 1565 2753 1650 Quali.
2791 1563 2922 1637 Hic
2955 1571 3168 1656 poeta

834 1683 1034 1778 ponit
1083 1683 1426 1758 effectum
1480 1682 1685 1756 istius
1733 1681 2411 1778 argumentationis,
2449 1681 2621 1774 quia
2655 1681 2927 1756 scilicet
2963 1700 3170 1755 rece-

835 1803 936 1897 pit
987 1801 1506 1877 verecundiam
1562 1822 1906 1897 magnam
1959 1801 2367 1875 secundum
2412 1800 2610 1894 quod
2644 1800 2779 1875 sibi
2814 1801 3173 1896 promise-

840 1928 954 1996 rat
985 1922 1303 2014 Beatrix,
1330 1941 1463 2015 per
1492 1941 1715 1994 unam
1744 1920 2372 2014 comparationem
2398 1921 2734 2014 pulcram
2762 1927 2836 1995 et
2870 1921 3167 2013 claram,

835 2040 1117 2115 dicens:
1182 2043 1312 2112 Tal
1358 2043 1453 2112 mi
1496 2042 1671 2112 scav’
1698 2043 1793 2132 iO,
1834 2039 2130 2132 scilicet,
2168 2045 2421 2112 mutus
2454 2060 2631 2112 cum
2667 2040 3173 2115 erubescentia

840 2160 1228 2255 respiciens
1280 2167 1579 2253 terram,
1633 2163 1825 2250 quali
1888 2162 1916 2230 i
1958 2162 2276 2253 sanciulli
2329 2163 2646 2232 stannes-i
2701 2163 2873 2233 muti
2917 2181 3171 2250 verqo-

836 2282 1150 2372 qnando,
1203 2279 1294 2353 de
1344 2279 1512 2353 fallo
1575 2300 1732 2371 suo,
1785 2300 1917 2351 con
1973 2282 2073 2370 qli
2129 2281 2321 2352 ocelli
2375 2300 2426 2352 a
2484 2287 2677 2352 terra
2734 2283 3167 2372 ascoltandO,

840 2399 1362 2493 increpantem,
1413 2420 1451 2470 e
1498 2401 2047 2489 ricoynoscendo
2094 2394 2193 2490 se)
2258 2397 2464 2491 idest,
2527 2418 2859 2473 errorem
2923 2420 3169 2492 suum,

839 2539 878 2591 e
923 2520 1269 2610 ripentuti,
1324 2517 1529 2611 idest,
1582 2517 2083 2611 poenitentiam
2143 2524 2445 2612 agentes
2504 2516 2596 2591 de
2659 2536 2919 2592 errore
2968 2538 3175 2593 com-
3318 2571 3325 2577 -

841 2637 1060 2709 misso
1110 2655 1281 2709 cum
1334 2637 1615 2730 pudore
1664 2642 1739 2711 et
1788 2637 2060 2711 dolore.
2098 2637 2188 2709 Et
2221 2636 2465 2710 subdit
2504 2644 2717 2731 poeta
2753 2637 2952 2730 quod
2987 2638 3174 2712 Bea-

838 2754 982 2827 trix
1034 2774 1127 2828 ex
1178 2756 1317 2828 hoc
1367 2754 1793 2849 provocavit
1842 2775 2018 2829 eum
2082 2755 2174 2829 ad
2237 2756 2471 2829 multo
2542 2756 2899 2830 maiorem
2959 2777 3174 2831 vere-

839 2873 1206 2965 cundiam,
1240 2875 1416 2966 quia
1451 2874 1702 2949 videns
1751 2873 1990 2968 ipsum
2042 2880 2240 2948 stare
2290 2895 2465 2948 cum
2517 2874 2752 2949 oculis
2801 2874 3050 2950 defixis
3099 2876 3175 2948 in

838 3002 1116 3069 terram
1168 2993 1543 3067 mandavit
1607 3000 1690 3066 ut
1755 2994 2037 3068 levaret
2100 2993 2359 3068 faciem
2425 3000 2500 3068 et
2560 2994 2952 3089 respiceret
3008 3015 3176 3070 eam

839 3120 924 3185 ut
965 3112 1198 3207 magis
1249 3112 1842 3187 confunderetur.
1890 3113 2069 3187 Dicit
2110 3134 2327 3210 ergo:
2364 3121 2432 3187 et
2466 3117 2624 3207 ella,
2666 3115 2957 3208 scilicet,
2993 3115 3179 3189 Bea-

838 3230 1008 3324 trix,
1060 3230 1313 3304 volens
1362 3228 1633 3303 addere
1696 3231 2164 3306 afflictionem
2224 3233 2516 3328 afflicto,
2581 3237 2800 3307 disse.-
2863 3236 3170 3328 quandO,

840 3370 975 3444 pro
1034 3348 1207 3441 quia
1273 3348 1389 3422 vel
1447 3353 1856 3442 postquam,
1907 3352 2001 3422 se’
2029 3353 2296 3424 dolente
2340 3373 2473 3443 per
2533 3355 2759 3445 adire,
2824 3352 3028 3447 idest,
3080 3374 3176 3428 ex

840 3468 996 3540 solo
1045 3466 1301 3540 auditu
1353 3466 1753 3540 verborum
1803 3488 2169 3561 meorum,
2210 3473 2381 3543 alza
2414 3473 2488 3543 la
2528 3471 2779 3562 barba,
2814 3473 3022 3565 quasi
3064 3472 3175 3546 di-

840 3591 996 3660 cat:
1050 3585 1214 3659 leva
1265 3585 1553 3659 vultum
1607 3591 1682 3659 et
1733 3585 1899 3661 vide
1948 3587 2517 3681 pulcritudinem
2572 3611 2840 3683 meam,
2875 3613 2913 3663 e
2957 3612 3175 3683 pren-

841 3707 1046 3779 derat·
1079 3700 1208 3797 pin)
1241 3708 1504 3797 doylia,
1544 3704 1747 3799 idest,
1791 3706 2150 3781 maiorem
2193 3706 2523 3781 dolorem
2562 3709 2755 3784 ultra
2789 3710 3170 3804 pudorem,

838 3827 1358 3916 nquardando,
1395 3824 1568 3918 quia
1617 3832 1794 3900 tunc
1840 3845 2238 3921 cognosces
2276 3827 2796 3921 turpitudinem
2833 3829 3170 3902 aliarum.

839 3983 938 3997 —
970 3948 1115 4016 Con
1164 3965 1341 4017 men.
1393 3944 1525 4018 Hic
1571 3950 1786 4038 poeta
1836 3945 2147 4019 ostendit
2198 3946 2396 4039 quod
2428 3937 2503 4036 (²)
2563 3945 2949 4021 difficulter
3008 3966 3176 4021 ere-

843 4064 1032 4138 xerit
1081 4066 1333 4139 oculos
1383 4064 1458 4137 in
1508 4064 1768 4151 faciem
1819 4065 2167 4138 Beatricis
2217 4085 2349 4160 per
2413 4087 2637 4139 unam
2692 4066 3181 4160 comparatio-

843 4202 1014 4255 nem
1065 4184 1440 4276 pulcram3
1493 4192 1569 4258 et
1602 4183 1758 4257 vult
1792 4181 2059 4277 dicere,
2098 4184 2293 4276 quod
2334 4205 2599 4280 magna
2640 4186 2863 4259 arbor
2904 4184 3184 4259 facilius

841 4300 1193 4394 spoliatur
1242 4300 1427 4374 foliis
1477 4300 1648 4394 suis,
1702 4321 1930 4394 quam
1982 4301 2135 4396 ipse
2192 4302 2516 4378 erexerit
2572 4305 2825 4377 oculos
2877 4303 2952 4377 in
3001 4303 3187 4377 Bea-

968 4557 1025 4619 (¹)
1056 4556 1118 4606 13.
1152 4556 1250 4616 nvi,
1283 4556 1476 4608 scitica
1508 4557 1745 4619 Dantem,
1777 4560 1914 4623 quia.
2164 4560 2231 4656 (ἢ.
2253 4564 2358 4622 117,
2391 4575 2549 4626 quam
2579 4560 2858 4613 difficulter
2887 4560 3069 4611 erexit.
