3734 5567
816 469 959 537 332
1600 476 2009 532 commu
2058 477 2391 529 PAnAmsr

815 628 1000 704 idest
1065 623 1454 721 respondet
1520 621 1903 717 quaestioni
1981 622 2241 716 tacitae,
2312 621 2485 716 quia
2552 626 2842 716 poterat
2914 621 3153 696 statim

812 748 1062 824 obiici:
1120 746 1316 820 unde
1367 752 1476 820 est
1526 742 1722 838 quod
1773 749 1927 817 tam
1979 742 2195 838 pauci
2223 736 2301 836 (¹)
2352 741 2794 837 perveniunt
2850 740 2948 816 ad
3010 761 3165 816 coe-

813 869 995 961 lum,
1048 866 1109 940 si
1158 865 1263 940 sic
1296 862 1727 939 naturaliter
1759 862 2204 937 inclinantur
2238 867 2313 937 et
2353 862 2772 955 trahuntur,
2816 867 2901 935 ut
2933 861 3163 936 dicis?

816 986 1233 1082 Respondit,
1287 982 1484 1079 quod
1532 983 1674 1058 hoc
1723 987 1833 1057 est
1884 982 2427 1057 accidentaliter
2478 987 2551 1056 et
2599 988 2869 1076 praeter
2925 981 3162 1056 inten-

813 1108 1090 1184 tionem
1144 1111 1468 1197 naturae3
1520 1109 1596 1178 et
1645 1104 1784 1178 hoc
1834 1103 2148 1179 ostendit
2198 1123 2333 1198 per
2373 1101 2922 1177 similitudinem
2960 1101 3159 1196 artis,

817 1230 989 1326 quia
1044 1229 1206 1302 licet
1255 1224 1462 1299 faber
1511 1224 1839 1299 intendat
1887 1222 2362 1299 introducere
2411 1223 2726 1298 formam
2782 1220 3052 1297 cultelli
3087 1221 3161 1294 in

817 1349 1123 1439 ferrum,
1175 1350 1423 1419 tamen
1476 1364 1624 1418 non
1675 1343 1845 1419 facit
1896 1343 1956 1417 si
2009 1343 2318 1419 materia
2362 1363 2512 1418 non
2552 1349 2663 1418 est
2693 1343 2886 1418 bene
2920 1341 3162 1439 dispo-

814 1466 948 1540 sita
981 1465 1075 1540 ad
1116 1461 1611 1558 receptionem
1656 1464 1849 1538 illius
1893 1463 2171 1537 formae.
2208 1462 2479 1537 Ordina
2514 1463 2618 1537 sic
2650 1462 2977 1537 literam:
3031 1467 3161 1535 Ver

810 1583 854 1662 e*
908 1587 1028 1659 che
1094 1587 1169 1658 la
1229 1591 1588 1675 creatura,
1649 1584 1942 1679 scilicet,
1996 1583 2391 1678 rationaliS,
2443 1583 2628 1658 idest
2676 1584 2922 1677 homo,
2982 1585 3041 1656 c’
3066 1584 3160 1656 Ιια

800 1714 1045 1802 potere
1076 1708 1152 1779 di
1176 1707 1496 1799 pieyare,
1534 1726 1581 1779 a
1623 1725 1849 1780 cursu
1887 1710 2113 1799 recto,
2155 1698 2298 1778 cosi
2319 1707 2551 1797 pinta,
2592 1707 2666 1777 in
2701 1706 2895 1777 altra
2921 1709 3160 1797 parte,

807 1827 1101 1921 scilicet,
1168 1825 1449 1920 falsam,
1515 1824 1893 1899 fortuitam
1965 1823 2409 1917 felicitatem,
2472 1822 2663 1896 hanc
2724 1826 3160 1917 potestatem

807 1947 1029 2021 habet
1081 1952 1379 2040 propter
1428 1944 1747 2018 liberum
1781 1944 2201 2038 arbitrium,
2237 1964 2388 2038 quo
2423 1943 2711 2017 nullum
2753 1940 2995 2016 maius
3028 1941 3162 2015 do-

807 2087 990 2141 num
1045 2067 1244 2139 Deus
1293 2063 1490 2139 dedit
1540 2063 1842 2158 homini,
1896 2064 2088 2138 sicut
2135 2065 2288 2159 ipse
2336 2070 2556 2139 autor
2605 2062 2775 2138 dicit
2815 2062 3000 2137 infra
3036 2081 3161 2137 ca-

809 2185 1040 2281 pitulo
1093 2185 1153 2257 V
1204 2184 1425 2257 huius
1476 2183 1666 2276 libri,
1714 2187 1779 2257 si
1826 2186 2104 2276 diparte
2150 2187 2248 2257 da
2298 2191 2534 2277 questo
2583 2204 2816 2275 corso,
2867 2182 3161 2277 scilicet,

810 2304 1085 2380 ordinis
1119 2303 1597 2399 providentiae
1622 2295 1699 2396 (²)
1727 2303 2115 2398 CreatoriS,
2145 2307 2357 2395 lator,
2386 2304 2536 2378 imo
2575 2303 3161 2398 frequentissime

814 2430 1115 2519 propter
1162 2421 1438 2517 aliquid
1485 2444 1845 2519 apparens
1893 2424 2198 2518 honum,
2259 2416 2402 2498 cosi
2463 2445 2656 2498 come
2714 2429 2958 2518 forma
3014 2444 3162 2497 non

807 2546 865 2617 ε’
891 2546 1229 2635 accorda,
1279 2542 1485 2638 idest,
1537 2563 1685 2618 non
1749 2544 2113 2639 convenit,
2183 2546 2389 2617 molle
2438 2546 2607 2637 fiale
2663 2548 2783 2618 all'
2807 2546 3160 2617 intenzion

811 2666 969 2739 dele
996 2671 1177 2756 arte,
1230 2663 1437 2758 idest,
1489 2663 1810 2757 artificiS,
1851 2659 2114 2756 perche?
2160 2666 2233 2737 la
2283 2666 2582 2736 materia
2631 2659 2674 2738 e*
2717 2667 2939 2738 sorda
2972 2685 3022 2737 a
3052 2668 3161 2739 ri-

806 2787 1141 2877 ῳοηάεν,
1196 2783 1402 2880 idest,
1455 2783 1898 2880 indisposita,
1950 2782 2396 2877 inobedienS,
2447 2783 2635 2857 sicut
2675 2785 2970 2878 quando
3010 2785 3160 2859 fer-

809 2925 982 2978 rum
1033 2925 1181 2979 non
1231 2910 1343 2980 est
1391 2905 1584 2980 bene
1632 2904 1972 3001 ignitum,
2006 2903 2108 2979 ita
2151 2905 2375 2979 homo
2410 2923 2559 2978 non
2594 2903 2866 3000 ignitus
2899 2926 3160 2982 amore

806 3023 1050 3100 divino
1102 3046 1251 3099 non
1305 3024 1694 3120 respondet
1745 3023 1983 3100 ordini
2033 3023 2404 3119 praedicto.
2457 3024 2548 3098 Et
2595 3024 2713 3099 hic
2763 3032 2937 3101 nota
2971 3026 3165 3102 bene

810 3145 1008 3241 quod
1059 3146 1435 3241 eleganter
1485 3145 1655 3220 dicit
1695 3144 2106 3220 Chalcidius
2141 3165 2364 3239 super
2399 3146 2759 3219 Timaeum
2794 3146 3158 3220 Platonis:

807 3268 1033 3338 omnis
1083 3268 1325 3338 anima
1352 3255 1427 3358 (³)
1470 3269 1830 3358 particeps
1879 3267 2258 3339 divinitatis
2295 3267 2615 3339 naturali
2645 3269 2946 3358 appetitu
2984 3287 3164 3341 sem-

799 3406 936 3480 per
1004 3386 1278 3477 quidem
1345 3385 1600 3459 bonum
1668 3390 1941 3478 expetit.
2013 3387 2230 3460 Errat
2298 3394 2547 3461 tamen
2615 3386 3012 3480 aliquando
3086 3385 3162 3460 in

693 3494 706 3503 ’
798 3503 1076 3601 judicio
1126 3503 1496 3578 honorum
1548 3510 1623 3578 et
1687 3505 2094 3599 malorum,
2149 3527 2321 3581 nam
2373 3506 2494 3580 alii
2559 3513 2897 3581 nostrum
2951 3526 3161 3581 sum-

807 3646 1020 3698 mum
1056 3626 1334 3699 bonum
1371 3625 1820 3720 voluptatem
1859 3631 2142 3720 putant,
2177 3625 2299 3701 alii
2333 3624 2639 3720 divitiaS,
2667 3626 2789 3701 alii
2815 3626 3158 3723 gloriam,

806 3750 884 3820 et
932 3744 1183 3819 omnia
1233 3744 1468 3842 magis
1509 3766 1733 3840 quam
1770 3744 2012 3841 ipsum
2049 3765 2316 3821 verum
2353 3745 2658 3821 bonum.
2700 3746 2935 3821 Huius
2972 3746 3159 3821 ratio

808 3871 922 3941 est
970 3866 1142 3959 quia
1191 3864 1435 3940 statim
1491 3864 1646 3959 ipso
1696 3871 1869 3940 ortu
1923 3864 2264 3942 venimus
2296 3865 2374 3940 in
2408 3867 2653 3943 lucem
2691 3887 2867 3942 cum
2902 3868 3158 3942 dolore

807 4006 901 4061 ex
951 3985 1114 4061 loco
1177 3984 1411 4060 calido
1462 3984 1538 4059 in
1602 3984 1976 4082 frigidum,
2027 3986 2193 4061 ideo
2244 3986 2487 4061 statim
2549 3987 2845 4063 solertia
2910 3988 3159 4062 obste-

804 4105 1005 4180 tricis
1057 4106 1255 4180 fovet
1303 4110 1561 4179 natum
1613 4125 1810 4198 aqua
1864 4104 2119 4199 calida,
2173 4126 2321 4200 qua
2376 4105 2610 4182 infans
2644 4106 2996 4182 continuo
3029 4108 3160 4181 de-

804 4225 1141 4318 lectatur,
1194 4230 1269 4299 et
1334 4224 1437 4299 sic
1486 4224 1562 4298 in
1612 4224 1849 4320 prima
1902 4224 2188 4320 origine
2238 4226 2542 4321 percipit
2601 4225 3156 4302 delectationem

804 4342 1263 4437 sensibilem3
1315 4343 1575 4419 deinde
1626 4362 1901 4439 sugens
1970 4345 2084 4418 lac
2151 4345 2386 4442 magis
2451 4344 2698 4442 incipit
2760 4344 3157 4438 delectari3

928 4604 984 4667 (¹)
1014 4602 1067 4653 S·
1101 4602 1252 4666 pauci
1282 4608 1647 4667 pervenerunt.
1901 4602 1958 4668 (¹)
1991 4609 2039 4667 t,
2072 4607 2405 4668 providentis.
2656 4606 2711 4670 P)
2743 4611 2792 4668 ι,
2824 4607 3042 4658 animal.
