3734 5567
879 493 1021 560 408
1664 498 2075 553 COMENTUM
2126 499 2457 552 PAnAms1

877 654 1022 742 che,
1061 648 1441 738 servandO,
1497 642 1769 718 scilicet
1822 647 2101 736 votum,
2131 646 2259 735 sar
2292 644 2587 736 peyyio5
2627 641 2820 715 unde
2860 640 3219 734 Josephus

877 769 1069 863 dicit,
1100 767 1294 862 quod
1332 765 1640 859 Jephthe
1675 783 1822 837 non
1856 762 2121 838 obtulit
2153 763 2308 836 Deo
2345 769 2642 859 gratum
2680 762 3217 853 holocaustum,

879 908 1123 983 neque
1189 885 1623 981 legitimum,
1677 883 1849 975 quia
1911 883 1970 955 si
2034 882 2234 957 canis
2297 882 2740 957 occurrisset
2797 880 2952 975 sibi,
3006 881 3225 954 obtu-

882 1009 1077 1084 lisset
1126 1007 1364 1102 ipsum
1417 1006 1609 1098 Deo;
1663 1003 1825 1077 ideo
1878 1002 2013 1077 fuit
2062 1002 2327 1076 stultus
2377 1000 2451 1075 in
2503 1001 2832 1076 faciendo
2889 1001 3037 1075 tale
3094 1020 3229 1074 vo-

880 1137 1065 1222 tum,
1118 1133 1191 1200 et
1242 1124 1611 1199 crudelius
1646 1129 1722 1199 et
1754 1123 2021 1217 impius
2055 1122 2129 1195 in
2162 1121 2646 1215 adimplendo.
2676 1161 2776 1175 —
2800 1127 2863 1193 E
2889 1112 3051 1194 cosi.
3096 1120 3226 1194 Hic

882 1247 1173 1322 Beatrix
1209 1244 1504 1321 adducit
1533 1244 1731 1319 aliud
1766 1243 2190 1338 exemplum
2228 1247 2548 1316 tractum
2577 1261 2670 1317 ex
2705 1240 3019 1315 historiis
3043 1262 3228 1337 gen-

880 1368 1157 1461 tilium3
1210 1373 1285 1440 et
1332 1365 1424 1439 ad
1475 1363 2045 1439 declarationem
2099 1362 2317 1436 huius
2370 1362 2602 1436 literae
2659 1362 2832 1435 satis
2888 1361 3227 1435 obscurae

879 1493 991 1562 est
1038 1485 1440 1578 sciendum,
1495 1483 1691 1578 quod
1743 1483 1933 1557 sicut
1982 1481 2235 1577 pulcre
2286 1482 2533 1555 scribit
2590 1482 2789 1556 Dites
2839 1480 3227 1572 CretensiS,

879 1608 1006 1702 qui
1046 1605 1307 1682 asserit
1347 1626 1427 1680 se
1460 1605 1876 1679 interfuisse
1910 1603 2101 1677 bello
2139 1602 2447 1697 troiano,
2481 1603 2992 1699 Agamemnon
3028 1602 3223 1696 apud

878 1729 1212 1803 Aulidem
1267 1727 1580 1801 insulam
1632 1725 1829 1799 circa
1880 1726 2133 1799 lucum
2189 1723 2460 1818 Dianae,
2514 1725 2659 1798 telo
2712 1722 3069 1798 transfixit
3099 1743 3228 1797 ca-

876 1870 1132 1944 pream
1159 1841 1276 1942 (¹);
1329 1853 1403 1922 et
1455 1867 1601 1920 non
1636 1845 1871 1919 multo
1907 1850 2066 1939 post
2101 1844 2256 1918 sive
2291 1843 2398 1918 ira
2437 1843 2738 1937 coelesti,
2781 1843 2934 1918 sive
2967 1864 3230 1918 corru-

879 1970 1121 2065 ptione
1155 1969 1346 2043 aeris
1398 1967 1588 2041 sacta
1638 1971 1749 2040 est
1799 1965 2203 2060 pestilentia
2248 1984 2518 2060 magna
2552 1964 2628 2038 in
2662 1965 2989 2039 exercitu
3028 1985 3225 2061 grae-

880 2110 1140 2165 corum
1178 2088 1335 2162 sine
1371 2086 1720 2162 remedio.
1759 2086 1902 2160 Sed
1940 2087 2204 2159 mulier
2239 2086 2577 2179 quaedam
2614 2086 2766 2160 Deo
2801 2087 3014 2181 plena
3046 2085 3227 2159 dixit

882 2210 1077 2304 quod
1107 2209 1215 2283 ira
1244 2209 1492 2282 Dianae
1519 2208 1657 2280 hoc
1686 2206 1926 2300 fiebat,
1964 2227 2131 2299 quae
2167 2226 2462 2301 poenam
2499 2207 2859 2303 sacrilegii
2887 2205 3225 2303 exigebat

882 2330 976 2404 ab
1024 2328 1356 2403 exercitu
1408 2326 1619 2400 cuius
1670 2327 1820 2401 dux
1876 2347 2219 2422 capream
2249 2318 2324 2419 (²)
2370 2328 2855 2420 interfecerat,
2893 2347 3028 2401 nec
3069 2328 3224 2422 pla-

879 2449 1030 2525 cari
1089 2469 1300 2543 posse
1365 2446 1495 2521 nisi
1566 2448 2078 2522 immolaretur
2148 2447 2290 2522 filia
2351 2447 2550 2540 eius3
2621 2448 2747 2522 sed
2794 2467 2965 2521 cum
3034 2450 3223 2544 Aga-

882 2590 1231 2645 memnon
1263 2569 1623 2643 obstinate
1655 2567 2210 2661 contradiceret,
2250 2567 2476 2641 duces
2514 2566 3013 2662 spoliaverunt
3045 2587 3219 2641 eum

878 2691 1082 2764 ducis
1131 2690 1433 2763 honore.
1497 2689 1764 2784 Ulyxes
1816 2707 1996 2761 vero
2057 2686 2269 2762 fictus
2334 2686 2674 2782 vulpinus
2735 2686 3027 2759 interim
3095 2684 3220 2759 ivit

878 2810 1190 2884 Micenas
1225 2828 1398 2882 cum
1426 2807 1619 2882 falsis
1641 2806 1866 2881 literis
1893 2806 2462 2902 Agamemnonis
2494 2806 2585 2880 ad
2613 2806 3213 2902 clytemnestram

877 2930 1229 3004 simulans
1263 2928 1710 3024 Iphigeniam
1757 2927 2335 3021 desponsandam
2364 2916 2438 3019 (³)
2476 2927 2753 3019 Achilli,
2791 2947 3018 3021 quam
3063 2947 3217 3001 ma-

877 3056 990 3124 ter
1042 3050 1351 3123 libenter
1401 3048 1596 3122 dedit
1645 3068 1819 3121 cum
1872 3048 2031 3120 viro
2083 3046 2461 3120 clarissimi
2499 3045 2811 3119 nominis
2847 3054 3073 3140 nupta
3109 3044 3217 3119 vi—

877 3170 1200 3244 deretur.
1256 3168 1484 3263 Ulyxe
1536 3187 1836 3242 reverso
1890 3187 2060 3240 cum
2114 3166 2483 3263 Iphigenia
2516 3166 2610 3240 ad
2644 3166 2893 3240 lucum
2948 3166 3215 3258 Dianae,

879 3287 1386 3382 Agamemnon
1436 3286 1749 3360 naturali
1783 3285 2052 3379 pietate
2087 3285 2378 3359 volebat
2411 3283 2692 3380 fugere,
2732 3306 2824 3360 ne
2859 3292 3009 3359 tam
3045 3306 3217 3360 cru—

877 3405 1020 3481 deli
1070 3403 1549 3479 immolationi
1602 3384 2013 3498 interesset,
2053 3404 2221 3479 licet
2268 3405 2530 3480 Nestor
2575 3426 2702 3480 rex
2757 3405 3217 3500 amplissimae

877 3522 1288 3599 autoritatis
1339 3523 1849 3599 facundissima
1910 3526 2243 3600 oratione
2307 3525 2604 3601 retinuit
2632 3514 2704 3617 (⁴)
2770 3547 2967 3600 eum.
3031 3526 3213 3600 Cum

879 3664 1060 3741 ergo
1111 3643 1377 3740 Ulyxes
1412 3650 1486 3719 et
1518 3645 1888 3720 Menelaus
1929 3665 2101 3718 cum
2138 3645 2528 3721 Calchante
2571 3645 2931 3742 virginem
2968 3647 3061 3721 ad
3099 3667 3216 3720 sa-

877 3764 1232 3839 crificium
1283 3765 1730 3839 adornarent
1778 3772 1942 3840 orta
1994 3772 2106 3840 est
2156 3766 2493 3840 terribilis
2539 3774 2930 3861 tempestas
2965 3768 3212 3860 valde3

876 3906 1110 3981 quare
1160 3886 1528 3961 Menelaus
1578 3891 1653 3961 et
1703 3885 1877 3961 socii
1928 3885 2003 3960 in
2070 3907 2337 3982 magna
2396 3887 2873 3981 perplexitate
2939 3887 3216 3963 nescie-

873 4008 1049 4082 bant
1099 4007 1272 4102 quid
1322 4013 1648 4104 agerent.
1702 4008 1791 4079 Et
1839 4026 2013 4081 ecce
2067 4027 2208 4080 vox
2261 4007 2353 4082 de
2403 4008 2605 4102 sylva
2656 4008 2905 4083 audita
2940 4015 3072 4102 est,
3108 4008 3217 4083 di—

872 4148 1070 4221 cenS,
1104 4128 1251 4202 tale
1282 4148 1519 4224 genus
1553 4126 1884 4202 sacrificii
1921 4146 2068 4199 non
2105 4127 2394 4220 placere
2428 4128 2622 4221 Deae,
2654 4127 2818 4203 ideo
2848 4129 3218 4205 abstinen-

873 4245 1050 4319 dum
1085 4266 1131 4318 a
1172 4265 1484 4339 corpore
1535 4244 1858 4341 virginis,
1896 4244 2069 4338 quia
2121 4244 2627 4340 Agamemnon
2678 4248 2919 4324 lueret
2970 4270 3222 4345 poenas

875 4364 1129 4461 dignas
1190 4363 1285 4437 ab
1347 4386 1583 4440 uxore
1634 4372 1795 4460 post
1844 4370 2136 4458 captam
2190 4366 2517 4461 Troiam3
2570 4368 2699 4443 sed
2751 4369 3222 4445 immolarent

998 4548 1056 4611 (¹)
1087 4550 1149 4600 E·
1183 4562 1412 4613 etpnm·
2067 4548 2125 4613 ('>
2158 4551 2220 4602 Β.
2253 4565 2479 4615 capram.

998 4625 1054 4688 (⁸)
1086 4627 1148 4676 Ε·
1180 4625 1555 4688 dammum·
2069 4629 2124 4692 (⁸)
2157 4629 2218 4680 E.
2252 4630 2544 4682 retinuerit.
