<?xml version="1.0" encoding="UTF-8"?>
<!DOCTYPE html PUBLIC "-//W3C//DTD XHTML 1.0 Transitional//EN"
    "http://www.w3.org/TR/xhtml1/DTD/xhtml1-transitional.dtd">
<html xmlns="http://www.w3.org/1999/xhtml" xml:lang="en" lang="en">
 <head>
  <title>
</title>
<meta http-equiv="Content-Type" content="text/html;charset=utf-8" />
  <meta name='ocr-system' content='tesseract 3.04.00' />
  <meta name='ocr-capabilities' content='ocr_page ocr_carea ocr_par ocr_line ocrx_word'/>
</head>
<body>
  <div class='ocr_page' id='page_1' title='image "benevenutideram02lacagoog_0352.png"; bbox 0 0 3734 5567; ppageno 0'>
   <div class='ocr_carea' id='block_1_1' title="bbox 878 483 2441 549">
    <p class='ocr_par' dir='ltr' id='par_1_1' title="bbox 878 483 2441 549">
     <span class='ocr_line' id='line_1_1' title="bbox 878 483 2441 549; baseline -0.001 0"><span class='ocrx_word' id='word_1_1' title='bbox 878 483 1019 549; x_wconf 80' lang='lat'><strong>342</strong></span> <span class='ocrx_word' id='word_1_2' title='bbox 1654 491 2063 548; x_wconf 68' lang='lat' dir='ltr'><strong>commun</strong></span> <span class='ocrx_word' id='word_1_3' title='bbox 2110 495 2441 548; x_wconf 66' lang='lat' dir='ltr'><strong>mmmm</strong></span> 
     </span>
    </p>
   </div>
   <div class='ocr_carea' id='block_1_2' title="bbox 846 637 3267 4456">
    <p class='ocr_par' dir='ltr' id='par_1_2' title="bbox 863 637 3215 1695">
     <span class='ocr_line' id='line_1_2' title="bbox 873 637 3215 735; baseline 0.002 -22"><span class='ocrx_word' id='word_1_4' title='bbox 873 660 1023 734; x_wconf 90' lang='lat' dir='ltr'><strong>quo</strong></span> <span class='ocrx_word' id='word_1_5' title='bbox 1073 639 1347 713; x_wconf 88' lang='lat' dir='ltr'><strong>dictum</strong></span> <span class='ocrx_word' id='word_1_6' title='bbox 1398 643 1510 712; x_wconf 88' lang='lat' dir='ltr'><strong>est</strong></span> <span class='ocrx_word' id='word_1_7' title='bbox 1557 637 1633 711; x_wconf 88' lang='lat' dir='ltr'><strong>in</strong></span> <span class='ocrx_word' id='word_1_8' title='bbox 1684 637 2122 732; x_wconf 88' lang='lat' dir='ltr'><strong>praecedenti</strong></span> <span class='ocrx_word' id='word_1_9' title='bbox 2173 639 2512 735; x_wconf 88' lang='lat' dir='ltr'><strong>capitulo,</strong></span> <span class='ocrx_word' id='word_1_10' title='bbox 2554 642 2670 715; x_wconf 78' lang='lat' dir='ltr'><strong>del</strong></span> <span class='ocrx_word' id='word_1_11' title='bbox 2710 643 3051 735; x_wconf 82' lang='lat' dir='ltr'><em>deiforme</em></span> <span class='ocrx_word' id='word_1_12' title='bbox 3096 665 3215 717; x_wconf 81' lang='lat' dir='ltr'><strong>re-</strong></span> 
     </span>
     <span class='ocr_line' id='line_1_3' title="bbox 866 755 3213 859; baseline 0.003 -28"><span class='ocrx_word' id='word_1_13' title='bbox 866 779 1037 849; x_wconf 72' lang='lat' dir='ltr'><strong>yno,</strong></span> <span class='ocrx_word' id='word_1_14' title='bbox 1090 757 1293 851; x_wconf 83' lang='lat' dir='ltr'><strong>idest,</strong></span> <span class='ocrx_word' id='word_1_15' title='bbox 1345 755 1680 852; x_wconf 82' lang='lat' dir='ltr'>paradisi,</span> <span class='ocrx_word' id='word_1_16' title='bbox 1733 757 1860 850; x_wconf 92' lang='lat' dir='ltr'><strong>qui</strong></span> <span class='ocrx_word' id='word_1_17' title='bbox 1913 762 2024 831; x_wconf 90' lang='lat' dir='ltr'><strong>est</strong></span> <span class='ocrx_word' id='word_1_18' title='bbox 2074 778 2388 855; x_wconf 84' lang='lat' dir='ltr'><strong>regnum</strong></span> <span class='ocrx_word' id='word_1_19' title='bbox 2441 760 2821 835; x_wconf 82' lang='lat' dir='ltr'><strong>conforme</strong></span> <span class='ocrx_word' id='word_1_20' title='bbox 2872 762 3001 858; x_wconf 92' lang='lat' dir='ltr'><strong>ipsi</strong></span> <span class='ocrx_word' id='word_1_21' title='bbox 3037 764 3213 859; x_wconf 85' lang='lat' dir='ltr'><strong>Deo,</strong></span> 
     </span>
     <span class='ocr_line' id='line_1_4' title="bbox 864 877 3212 978; baseline 0.003 -26"><span class='ocrx_word' id='word_1_22' title='bbox 864 900 990 975; x_wconf 78' lang='lat' dir='ltr'><strong>cen</strong></span> <span class='ocrx_word' id='word_1_23' title='bbox 1034 885 1370 970; x_wconf 66' lang='lat' dir='ltr'><strong>por-cava,</strong></span> <span class='ocrx_word' id='word_1_24' title='bbox 1423 877 1495 949; x_wconf 93' lang='lat' dir='ltr'><strong>in</strong></span> <span class='ocrx_word' id='word_1_25' title='bbox 1546 877 1814 951; x_wconf 89' lang='lat' dir='ltr'><strong>coelum</strong></span> <span class='ocrx_word' id='word_1_26' title='bbox 1873 878 2221 973; x_wconf 84' lang='lat' dir='ltr'><strong>primum,</strong></span> <span class='ocrx_word' id='word_1_27' title='bbox 2274 884 2513 973; x_wconf 79' lang='lat' dir='ltr'><strong>veloci,</strong></span> <span class='ocrx_word' id='word_1_28' title='bbox 2575 880 2783 976; x_wconf 74' lang='lat' dir='ltr'><strong>idest,</strong></span> <span class='ocrx_word' id='word_1_29' title='bbox 2838 885 3212 978; x_wconf 88' lang='lat' dir='ltr'><strong>velociter,</strong></span> 
     </span>
     <span class='ocr_line' id='line_1_5' title="bbox 866 997 3211 1097; baseline 0.003 -26"><span class='ocrx_word' id='word_1_30' title='bbox 866 1002 1070 1096; x_wconf 76' lang='lat' dir='ltr'><strong>quasi</strong></span> <span class='ocrx_word' id='word_1_31' title='bbox 1117 1019 1306 1071; x_wconf 84' lang='lat' dir='ltr'><strong>come</strong></span> <span class='ocrx_word' id='word_1_32' title='bbox 1338 1000 1391 1070; x_wconf 89' lang='lat' dir='ltr'><strong>’l</strong></span> <span class='ocrx_word' id='word_1_33' title='bbox 1432 997 1561 1070; x_wconf 79' lang='lat' dir='ltr'><strong>ciel</strong></span> <span class='ocrx_word' id='word_1_34' title='bbox 1605 999 1853 1070; x_wconf 77' lang='lat' dir='ltr'><strong>vedete.</strong></span> <span class='ocrx_word' id='word_1_35' title='bbox 1909 998 1995 1071; x_wconf 90' lang='lat' dir='ltr'><strong>Et</strong></span> <span class='ocrx_word' id='word_1_36' title='bbox 2046 1000 2204 1072; x_wconf 88' lang='lat' dir='ltr'><strong>vult</strong></span> <span class='ocrx_word' id='word_1_37' title='bbox 2255 1000 2330 1072; x_wconf 91' lang='lat' dir='ltr'><strong>in</strong></span> <span class='ocrx_word' id='word_1_38' title='bbox 2380 1000 2647 1074; x_wconf 84' lang='lat' dir='ltr'><strong>effectu</strong></span> <span class='ocrx_word' id='word_1_39' title='bbox 2699 1002 2969 1097; x_wconf 81' lang='lat' dir='ltr'>dicere,</span> <span class='ocrx_word' id='word_1_40' title='bbox 3012 1003 3211 1097; x_wconf 90' lang='lat' dir='ltr'><strong>quod</strong></span> 
     </span>
     <span class='ocr_line' id='line_1_6' title="bbox 869 1115 3211 1218; baseline 0.003 -27"><span class='ocrx_word' id='word_1_41' title='bbox 869 1139 1135 1213; x_wconf 84' lang='lat' dir='ltr'><strong>magna</strong></span> <span class='ocrx_word' id='word_1_42' title='bbox 1183 1115 1469 1191; x_wconf 82' lang='lat' dir='ltr'><strong>affectio</strong></span> <span class='ocrx_word' id='word_1_43' title='bbox 1523 1116 1876 1190; x_wconf 87' lang='lat' dir='ltr'><strong>naturalis</strong></span> <span class='ocrx_word' id='word_1_44' title='bbox 1912 1118 2198 1192; x_wconf 84' lang='lat' dir='ltr'><strong>videndi</strong></span> <span class='ocrx_word' id='word_1_45' title='bbox 2234 1119 2535 1194; x_wconf 90' lang='lat' dir='ltr'><strong>beatum</strong></span> <span class='ocrx_word' id='word_1_46' title='bbox 2590 1140 2904 1218; x_wconf 82' lang='lat' dir='ltr'><strong>regnum</strong></span> <span class='ocrx_word' id='word_1_47' title='bbox 2962 1124 3211 1198; x_wconf 91' lang='lat' dir='ltr'><strong>trahe-</strong></span> 
     </span>
     <span class='ocr_line' id='line_1_7' title="bbox 864 1237 3205 1337; baseline 0.002 -27"><span class='ocrx_word' id='word_1_48' title='bbox 864 1238 993 1311; x_wconf 88' lang='lat' dir='ltr'><strong>bat</strong></span> <span class='ocrx_word' id='word_1_49' title='bbox 1041 1257 1168 1311; x_wconf 91' lang='lat' dir='ltr'><strong>eos</strong></span> <span class='ocrx_word' id='word_1_50' title='bbox 1216 1256 1390 1310; x_wconf 92' lang='lat' dir='ltr'><strong>cum</strong></span> <span class='ocrx_word' id='word_1_51' title='bbox 1442 1256 1735 1310; x_wconf 88' lang='lat' dir='ltr'><strong>summa</strong></span> <span class='ocrx_word' id='word_1_52' title='bbox 1788 1237 2174 1313; x_wconf 85' lang='lat' dir='ltr'><strong>velocitate</strong></span> <span class='ocrx_word' id='word_1_53' title='bbox 2215 1241 2621 1315; x_wconf 89' lang='lat' dir='ltr'><strong>secundum</strong></span> <span class='ocrx_word' id='word_1_54' title='bbox 2677 1249 2960 1316; x_wconf 88' lang='lat' dir='ltr'><strong>motum</strong></span> <span class='ocrx_word' id='word_1_55' title='bbox 3018 1243 3205 1337; x_wconf 85' lang='lat' dir='ltr'><strong>coeli,</strong></span> 
     </span>
     <span class='ocr_line' id='line_1_8' title="bbox 865 1357 3203 1458; baseline 0.003 -27"><span class='ocrx_word' id='word_1_56' title='bbox 865 1357 958 1431; x_wconf 90' lang='lat' dir='ltr'><strong>de</strong></span> <span class='ocrx_word' id='word_1_57' title='bbox 1007 1357 1217 1430; x_wconf 89' lang='lat' dir='ltr'><strong>cuius</strong></span> <span class='ocrx_word' id='word_1_58' title='bbox 1267 1357 1652 1432; x_wconf 88' lang='lat' dir='ltr'><strong>velocitate</strong></span> <span class='ocrx_word' id='word_1_59' title='bbox 1711 1358 1989 1433; x_wconf 91' lang='lat' dir='ltr'><strong>dictum</strong></span> <span class='ocrx_word' id='word_1_60' title='bbox 2051 1367 2160 1434; x_wconf 90' lang='lat' dir='ltr'><strong>est</strong></span> <span class='ocrx_word' id='word_1_61' title='bbox 2221 1360 2294 1433; x_wconf 88' lang='lat' dir='ltr'><strong>in</strong></span> <span class='ocrx_word' id='word_1_62' title='bbox 2362 1360 2799 1456; x_wconf 72' lang='lat' dir='ltr'><strong>praecedenti</strong></span> <span class='ocrx_word' id='word_1_63' title='bbox 2850 1364 3203 1458; x_wconf 90' lang='lat' dir='ltr'><strong>capitulo:</strong></span> 
     </span>
     <span class='ocr_line' id='line_1_9' title="bbox 863 1479 3207 1578; baseline 0.004 -29"><span class='ocrx_word' id='word_1_64' title='bbox 863 1479 1178 1551; x_wconf 78' lang='lat' dir='ltr'><strong>Beatrice</strong></span> <span class='ocrx_word' id='word_1_65' title='bbox 1223 1480 1605 1567; x_wconf 59' lang='lat' dir='ltr'><strong>„quardava</strong></span> <span class='ocrx_word' id='word_1_66' title='bbox 1650 1482 1726 1551; x_wconf 84' lang='lat' dir='ltr'><strong>in</strong></span> <span class='ocrx_word' id='word_1_67' title='bbox 1787 1500 1976 1572; x_wconf 74' lang='lat' dir='ltr'><strong>susO,</strong></span> <span class='ocrx_word' id='word_1_68' title='bbox 2035 1479 2328 1574; x_wconf 83' lang='lat' dir='ltr'><strong>scilicet,</strong></span> <span class='ocrx_word' id='word_1_69' title='bbox 2381 1481 2472 1555; x_wconf 88' lang='lat' dir='ltr'><strong>ad</strong></span> <span class='ocrx_word' id='word_1_70' title='bbox 2538 1482 2836 1576; x_wconf 90' lang='lat' dir='ltr'><strong>coelum,</strong></span> <span class='ocrx_word' id='word_1_71' title='bbox 2892 1485 3065 1578; x_wconf 87' lang='lat' dir='ltr'><strong>quia</strong></span> <span class='ocrx_word' id='word_1_72' title='bbox 3114 1484 3207 1559; x_wconf 89' lang='lat' dir='ltr'><strong>ad</strong></span> 
     </span>
     <span class='ocr_line' id='line_1_10' title="bbox 863 1597 3207 1695; baseline 0.003 -24"><span class='ocrx_word' id='word_1_73' title='bbox 863 1597 1098 1671; x_wconf 89' lang='lat' dir='ltr'><strong>Deum</strong></span> <span class='ocrx_word' id='word_1_74' title='bbox 1150 1598 1398 1673; x_wconf 91' lang='lat' dir='ltr'><strong>omnia</strong></span> <span class='ocrx_word' id='word_1_75' title='bbox 1451 1598 1697 1694; x_wconf 80' lang='lat' dir='ltr'><strong>refert,</strong></span> <span class='ocrx_word' id='word_1_76' title='bbox 1750 1606 1818 1673; x_wconf 84' lang='lat' dir='ltr'><strong>et</strong></span> <span class='ocrx_word' id='word_1_77' title='bbox 1858 1603 1932 1672; x_wconf 79' lang='lat' dir='ltr'><strong>io</strong></span> <span class='ocrx_word' id='word_1_78' title='bbox 1982 1621 2031 1673; x_wconf 86' lang='lat' dir='ltr'><strong>a</strong></span> <span class='ocrx_word' id='word_1_79' title='bbox 2082 1603 2193 1691; x_wconf 79' lang='lat' dir='ltr'><strong>lei,</strong></span> <span class='ocrx_word' id='word_1_80' title='bbox 2230 1599 2403 1695; x_wconf 90' lang='lat' dir='ltr'><strong>quia</strong></span> <span class='ocrx_word' id='word_1_81' title='bbox 2455 1622 2603 1676; x_wconf 92' lang='lat' dir='ltr'><strong>non</strong></span> <span class='ocrx_word' id='word_1_82' title='bbox 2655 1602 2788 1677; x_wconf 89' lang='lat' dir='ltr'><strong>nisi</strong></span> <span class='ocrx_word' id='word_1_83' title='bbox 2841 1604 3207 1679; x_wconf 84' lang='lat' dir='ltr'><strong>mediante</strong></span> 
     </span>
    </p>

    <p class='ocr_par' dir='ltr' id='par_1_3' title="bbox 846 1705 3267 4456">
     <span class='ocr_line' id='line_1_11' title="bbox 860 1705 3267 1818; baseline 0.003 -28"><span class='ocrx_word' id='word_1_84' title='bbox 860 1736 949 1790; x_wconf 89' lang='lat' dir='ltr'><strong>ea</strong></span> <span class='ocrx_word' id='word_1_85' title='bbox 1001 1722 1289 1811; x_wconf 87' lang='lat' dir='ltr'><strong>poterat</strong></span> <span class='ocrx_word' id='word_1_86' title='bbox 1339 1718 1591 1794; x_wconf 89' lang='lat' dir='ltr'><strong>videre</strong></span> <span class='ocrx_word' id='word_1_87' title='bbox 1641 1719 1987 1794; x_wconf 85' lang='lat' dir='ltr'><strong>coelestia.</strong></span> <span class='ocrx_word' id='word_1_88' title='bbox 2027 1721 2114 1793; x_wconf 90' lang='lat' dir='ltr'><strong>Et</strong></span> <span class='ocrx_word' id='word_1_89' title='bbox 2147 1720 2389 1794; x_wconf 83' lang='lat' dir='ltr'><strong>subdit</strong></span> <span class='ocrx_word' id='word_1_90' title='bbox 2425 1722 2751 1797; x_wconf 87' lang='lat' dir='ltr'><strong>velocem</strong></span> <span class='ocrx_word' id='word_1_91' title='bbox 2788 1723 3204 1818; x_wconf 84' lang='lat' dir='ltr'><strong>ingressum</strong></span> <span class='ocrx_word' id='word_1_92' title='bbox 3262 1705 3267 1710; x_wconf 55' lang='grc'><strong><em>’</em></strong></span> 
     </span>
     <span class='ocr_line' id='line_1_12' title="bbox 861 1838 3201 1936; baseline 0.002 -25"><span class='ocrx_word' id='word_1_93' title='bbox 861 1856 994 1931; x_wconf 90' lang='lat' dir='ltr'><strong>per</strong></span> <span class='ocrx_word' id='word_1_94' title='bbox 1065 1858 1286 1911; x_wconf 91' lang='lat' dir='ltr'><strong>unam</strong></span> <span class='ocrx_word' id='word_1_95' title='bbox 1347 1838 1974 1934; x_wconf 84' lang='lat' dir='ltr'><strong>comparationem</strong></span> <span class='ocrx_word' id='word_1_96' title='bbox 2052 1840 2357 1934; x_wconf 91' lang='lat' dir='ltr'><strong>claram,</strong></span> <span class='ocrx_word' id='word_1_97' title='bbox 2419 1840 2712 1916; x_wconf 89' lang='lat' dir='ltr'><strong>dicens:</strong></span> <span class='ocrx_word' id='word_1_98' title='bbox 2779 1864 2817 1915; x_wconf 81' lang='lat' dir='ltr'><strong>e</strong></span> <span class='ocrx_word' id='word_1_99' title='bbox 2875 1847 3074 1936; x_wconf 81' lang='lat' dir='ltr'><strong>forse</strong></span> <span class='ocrx_word' id='word_1_100' title='bbox 3129 1846 3201 1916; x_wconf 84' lang='lat' dir='ltr'><strong>in</strong></span> 
     </span>
     <span class='ocr_line' id='line_1_13' title="bbox 862 1959 3208 2057; baseline 0.003 -29"><span class='ocrx_word' id='word_1_101' title='bbox 862 1962 1080 2050; x_wconf 78' lang='lat' dir='ltr'><strong>tanto,</strong></span> <span class='ocrx_word' id='word_1_102' title='bbox 1144 1959 1221 2029; x_wconf 80' lang='lat' dir='ltr'><strong>in</strong></span> <span class='ocrx_word' id='word_1_103' title='bbox 1277 1965 1538 2050; x_wconf 79' lang='lat' dir='ltr'><strong>quanto</strong></span> <span class='ocrx_word' id='word_1_104' title='bbox 1589 1979 1684 2032; x_wconf 79' lang='lat' dir='ltr'><strong>un</strong></span> <span class='ocrx_word' id='word_1_105' title='bbox 1736 1962 2038 2050; x_wconf 77' lang='lat' dir='ltr'><strong>quadret</strong></span> <span class='ocrx_word' id='word_1_106' title='bbox 2080 1980 2293 2054; x_wconf 76' lang='lat' dir='ltr'><strong>poso,</strong></span> <span class='ocrx_word' id='word_1_107' title='bbox 2351 1960 2645 2055; x_wconf 85' lang='lat' dir='ltr'><strong>scilicet,</strong></span> <span class='ocrx_word' id='word_1_108' title='bbox 2699 1961 2774 2034; x_wconf 91' lang='lat' dir='ltr'><strong>in</strong></span> <span class='ocrx_word' id='word_1_109' title='bbox 2840 1962 3119 2057; x_wconf 86' lang='lat' dir='ltr'><strong>balista,</strong></span> <span class='ocrx_word' id='word_1_110' title='bbox 3171 1984 3208 2035; x_wconf 83' lang='lat' dir='ltr'><strong>e</strong></span> 
     </span>
     <span class='ocr_line' id='line_1_14' title="bbox 863 2075 3202 2177; baseline 0.003 -28"><span class='ocrx_word' id='word_1_111' title='bbox 863 2080 1027 2151; x_wconf 85' lang='lat' dir='ltr'><strong>vola</strong></span> <span class='ocrx_word' id='word_1_112' title='bbox 1065 2099 1103 2150; x_wconf 83' lang='lat' dir='ltr'><strong>e</strong></span> <span class='ocrx_word' id='word_1_113' title='bbox 1139 2080 1203 2148; x_wconf 83' lang='lat' dir='ltr'><strong>si</strong></span> <span class='ocrx_word' id='word_1_114' title='bbox 1241 2078 1600 2151; x_wconf 74' lang='lat' dir='ltr'><strong>dischiava</strong></span> <span class='ocrx_word' id='word_1_115' title='bbox 1630 2081 1815 2152; x_wconf 85' lang='lat' dir='ltr'><strong>della</strong></span> <span class='ocrx_word' id='word_1_116' title='bbox 1864 2100 2059 2173; x_wconf 77' lang='lat' dir='ltr'><strong>noce,</strong></span> <span class='ocrx_word' id='word_1_117' title='bbox 2107 2086 2182 2155; x_wconf 91' lang='lat' dir='ltr'><strong>et</strong></span> <span class='ocrx_word' id='word_1_118' title='bbox 2221 2086 2329 2154; x_wconf 91' lang='lat' dir='ltr'><strong>est</strong></span> <span class='ocrx_word' id='word_1_119' title='bbox 2369 2080 2486 2154; x_wconf 91' lang='lat' dir='ltr'><strong>hic</strong></span> <span class='ocrx_word' id='word_1_120' title='bbox 2518 2075 2589 2173; x_wconf 83' lang='lat'><strong>(¹)</strong></span> <span class='ocrx_word' id='word_1_121' title='bbox 2629 2082 3202 2177; x_wconf 89' lang='lat' dir='ltr'><strong>praeposterati0‚</strong></span> 
     </span>
     <span class='ocr_line' id='line_1_15' title="bbox 862 2196 3207 2302; baseline 0.003 -34"><span class='ocrx_word' id='word_1_122' title='bbox 862 2196 1033 2290; x_wconf 88' lang='lat' dir='ltr'><strong>quia</strong></span> <span class='ocrx_word' id='word_1_123' title='bbox 1094 2196 1370 2292; x_wconf 87' lang='lat' dir='ltr'><strong>sagipta</strong></span> <span class='ocrx_word' id='word_1_124' title='bbox 1426 2196 1661 2291; x_wconf 90' lang='lat' dir='ltr'><strong>primo</strong></span> <span class='ocrx_word' id='word_1_125' title='bbox 1712 2197 2177 2302; x_wconf 85' lang='lat' dir='ltr'><strong>disclavatur,</strong></span> <span class='ocrx_word' id='word_1_126' title='bbox 2229 2205 2304 2273; x_wconf 89' lang='lat' dir='ltr'><strong>et</strong></span> <span class='ocrx_word' id='word_1_127' title='bbox 2366 2207 2618 2296; x_wconf 88' lang='lat' dir='ltr'><strong>postea</strong></span> <span class='ocrx_word' id='word_1_128' title='bbox 2685 2203 2905 2296; x_wconf 84' lang='lat' dir='ltr'><strong>volat,</strong></span> <span class='ocrx_word' id='word_1_129' title='bbox 2968 2204 3207 2275; x_wconf 76' lang='lat' dir='ltr'><strong>vidimi</strong></span> 
     </span>
     <span class='ocr_line' id='line_1_16' title="bbox 856 2317 3202 2416; baseline 0.004 -29"><span class='ocrx_word' id='word_1_130' title='bbox 856 2317 1123 2408; x_wconf 67' lang='lat' dir='ltr'><strong>yiunto,</strong></span> <span class='ocrx_word' id='word_1_131' title='bbox 1180 2317 1472 2410; x_wconf 84' lang='lat' dir='ltr'><strong>scilicet,</strong></span> <span class='ocrx_word' id='word_1_132' title='bbox 1524 2319 1617 2391; x_wconf 91' lang='lat' dir='ltr'><strong>ad</strong></span> <span class='ocrx_word' id='word_1_133' title='bbox 1669 2317 1937 2412; x_wconf 84' lang='lat' dir='ltr'><strong>locum,</strong></span> <span class='ocrx_word' id='word_1_134' title='bbox 1991 2339 2118 2392; x_wconf 82' lang='lat' dir='ltr'><strong>ove</strong></span> <span class='ocrx_word' id='word_1_135' title='bbox 2151 2321 2434 2393; x_wconf 83' lang='lat' dir='ltr'><strong>mirabil</strong></span> <span class='ocrx_word' id='word_1_136' title='bbox 2468 2341 2659 2413; x_wconf 79' lang='lat' dir='ltr'><strong>cosa,</strong></span> <span class='ocrx_word' id='word_1_137' title='bbox 2707 2321 2999 2416; x_wconf 88' lang='lat' dir='ltr'><strong>scilicet,</strong></span> <span class='ocrx_word' id='word_1_138' title='bbox 3035 2342 3202 2396; x_wconf 90' lang='lat' dir='ltr'><strong>cor-</strong></span> 
     </span>
     <span class='ocr_line' id='line_1_17' title="bbox 859 2436 3195 2535; baseline 0.003 -28"><span class='ocrx_word' id='word_1_139' title='bbox 859 2455 997 2530; x_wconf 92' lang='lat' dir='ltr'><strong>pus</strong></span> <span class='ocrx_word' id='word_1_140' title='bbox 1045 2436 1263 2530; x_wconf 76' lang='lat' dir='ltr'><strong>lunae,</strong></span> <span class='ocrx_word' id='word_1_141' title='bbox 1313 2440 1412 2509; x_wconf 81' lang='lat' dir='ltr'><strong>mi</strong></span> <span class='ocrx_word' id='word_1_142' title='bbox 1460 2444 1644 2509; x_wconf 78' lang='lat' dir='ltr'><strong>torse</strong></span> <span class='ocrx_word' id='word_1_143' title='bbox 1691 2439 1743 2509; x_wconf 80' lang='lat' dir='ltr'><strong>il</strong></span> <span class='ocrx_word' id='word_1_144' title='bbox 1792 2441 1967 2531; x_wconf 80' lang='lat' dir='ltr'><strong>viso,</strong></span> <span class='ocrx_word' id='word_1_145' title='bbox 2024 2439 2317 2534; x_wconf 82' lang='lat' dir='ltr'><strong>scilicet,</strong></span> <span class='ocrx_word' id='word_1_146' title='bbox 2371 2440 2962 2535; x_wconf 81' lang='lat' dir='ltr'><strong>intellectualem,</strong></span> <span class='ocrx_word' id='word_1_147' title='bbox 3004 2462 3053 2514; x_wconf 83' lang='lat' dir='ltr'><strong>a</strong></span> <span class='ocrx_word' id='word_1_148' title='bbox 3102 2438 3195 2515; x_wconf 63' lang='lat' dir='ltr'><strong>sd.</strong></span> 
     </span>
     <span class='ocr_line' id='line_1_18' title="bbox 860 2549 3200 2658; baseline 0.004 -31"><span class='ocrx_word' id='word_1_149' title='bbox 860 2556 948 2628; x_wconf 90' lang='lat' dir='ltr'><strong>Et</strong></span> <span class='ocrx_word' id='word_1_150' title='bbox 997 2555 1112 2630; x_wconf 91' lang='lat' dir='ltr'><strong>hic</strong></span> <span class='ocrx_word' id='word_1_151' title='bbox 1165 2565 1335 2631; x_wconf 87' lang='lat' dir='ltr'><strong>nota</strong></span> <span class='ocrx_word' id='word_1_152' title='bbox 1371 2559 1568 2651; x_wconf 90' lang='lat' dir='ltr'><strong>quod</strong></span> <span class='ocrx_word' id='word_1_153' title='bbox 1595 2549 1670 2650; x_wconf 79' lang='lat'><strong>(²)</strong></span> <span class='ocrx_word' id='word_1_154' title='bbox 1708 2578 1886 2633; x_wconf 89' lang='lat' dir='ltr'><strong>vere</strong></span> <span class='ocrx_word' id='word_1_155' title='bbox 1921 2559 2093 2632; x_wconf 91' lang='lat' dir='ltr'><strong>luna</strong></span> <span class='ocrx_word' id='word_1_156' title='bbox 2128 2565 2239 2634; x_wconf 89' lang='lat' dir='ltr'><strong>est</strong></span> <span class='ocrx_word' id='word_1_157' title='bbox 2276 2560 2605 2635; x_wconf 88' lang='lat' dir='ltr'><strong>miranda</strong></span> <span class='ocrx_word' id='word_1_158' title='bbox 2647 2582 2789 2654; x_wconf 79' lang='lat' dir='ltr'><strong>reS,</strong></span> <span class='ocrx_word' id='word_1_159' title='bbox 2830 2563 3002 2656; x_wconf 91' lang='lat' dir='ltr'><strong>quia</strong></span> <span class='ocrx_word' id='word_1_160' title='bbox 3037 2564 3200 2658; x_wconf 89' lang='lat' dir='ltr'><strong>plus</strong></span> 
     </span>
     <span class='ocr_line' id='line_1_19' title="bbox 856 2677 3200 2776; baseline 0.003 -26"><span class='ocrx_word' id='word_1_161' title='bbox 856 2677 1186 2751; x_wconf 89' lang='lat' dir='ltr'><strong>variatur</strong></span> <span class='ocrx_word' id='word_1_162' title='bbox 1236 2698 1457 2772; x_wconf 87' lang='lat' dir='ltr'><strong>quam</strong></span> <span class='ocrx_word' id='word_1_163' title='bbox 1512 2678 1706 2751; x_wconf 90' lang='lat' dir='ltr'><strong>aliud</strong></span> <span class='ocrx_word' id='word_1_164' title='bbox 1760 2698 2030 2773; x_wconf 88' lang='lat' dir='ltr'><strong>corpus</strong></span> <span class='ocrx_word' id='word_1_165' title='bbox 2091 2680 2411 2774; x_wconf 85' lang='lat' dir='ltr'><strong>coeleste‚</strong></span> <span class='ocrx_word' id='word_1_166' title='bbox 2466 2700 2662 2755; x_wconf 91' lang='lat' dir='ltr'><strong>nunc</strong></span> <span class='ocrx_word' id='word_1_167' title='bbox 2712 2682 2950 2776; x_wconf 91' lang='lat' dir='ltr'><strong>plena,</strong></span> <span class='ocrx_word' id='word_1_168' title='bbox 3003 2701 3200 2756; x_wconf 91' lang='lat' dir='ltr'><strong>nunc</strong></span> 
     </span>
     <span class='ocr_line' id='line_1_20' title="bbox 854 2796 3199 2895; baseline 0.002 -24"><span class='ocrx_word' id='word_1_169' title='bbox 854 2816 1113 2890; x_wconf 84' lang='lat' dir='ltr'><strong>vacua,</strong></span> <span class='ocrx_word' id='word_1_170' title='bbox 1167 2817 1364 2871; x_wconf 94' lang='lat' dir='ltr'><strong>nunc</strong></span> <span class='ocrx_word' id='word_1_171' title='bbox 1415 2796 1675 2890; x_wconf 83' lang='lat' dir='ltr'><strong>media,</strong></span> <span class='ocrx_word' id='word_1_172' title='bbox 1729 2817 1928 2871; x_wconf 93' lang='lat' dir='ltr'><strong>nunc</strong></span> <span class='ocrx_word' id='word_1_173' title='bbox 1978 2806 2312 2892; x_wconf 84' lang='lat' dir='ltr'><strong>cornuta,</strong></span> <span class='ocrx_word' id='word_1_174' title='bbox 2350 2804 2425 2873; x_wconf 88' lang='lat' dir='ltr'><strong>et</strong></span> <span class='ocrx_word' id='word_1_175' title='bbox 2466 2800 2628 2895; x_wconf 91' lang='lat' dir='ltr'><strong>plus</strong></span> <span class='ocrx_word' id='word_1_176' title='bbox 2672 2806 2919 2875; x_wconf 84' lang='lat' dir='ltr'><strong>movet</strong></span> <span class='ocrx_word' id='word_1_177' title='bbox 2960 2806 3034 2876; x_wconf 89' lang='lat' dir='ltr'><strong>et</strong></span> <span class='ocrx_word' id='word_1_178' title='bbox 3067 2822 3199 2875; x_wconf 84' lang='lat' dir='ltr'><strong>va·-</strong></span> 
     </span>
     <span class='ocr_line' id='line_1_21' title="bbox 855 2916 3199 2995; baseline 0.002 -7"><span class='ocrx_word' id='word_1_179' title='bbox 855 2916 996 2990; x_wconf 88' lang='lat' dir='ltr'><strong>riat</strong></span> <span class='ocrx_word' id='word_1_180' title='bbox 1045 2917 1179 2990; x_wconf 87' lang='lat' dir='ltr'><strong>ista</strong></span> <span class='ocrx_word' id='word_1_181' title='bbox 1228 2916 1573 2991; x_wconf 84' lang='lat' dir='ltr'><strong>inferiora</strong></span> <span class='ocrx_word' id='word_1_182' title='bbox 1626 2916 1911 2991; x_wconf 90' lang='lat' dir='ltr'><strong>ratione</strong></span> <span class='ocrx_word' id='word_1_183' title='bbox 1960 2918 2362 2992; x_wconf 88' lang='lat' dir='ltr'><strong>velocitatis</strong></span> <span class='ocrx_word' id='word_1_184' title='bbox 2395 2926 2470 2993; x_wconf 90' lang='lat' dir='ltr'><strong>et</strong></span> <span class='ocrx_word' id='word_1_185' title='bbox 2504 2919 2885 2994; x_wconf 84' lang='lat' dir='ltr'><strong>vicinitatis</strong></span> <span class='ocrx_word' id='word_1_186' title='bbox 2917 2919 3011 2995; x_wconf 92' lang='lat' dir='ltr'><strong>ad</strong></span> <span class='ocrx_word' id='word_1_187' title='bbox 3046 2927 3199 2994; x_wconf 86' lang='lat' dir='ltr'><strong>ter-</strong></span> 
     </span>
     <span class='ocr_line' id='line_1_22' title="bbox 855 3031 3200 3134; baseline 0.002 -24"><span class='ocrx_word' id='word_1_188' title='bbox 855 3056 1052 3129; x_wconf 85' lang='lat' dir='ltr'><strong>ram3</strong></span> <span class='ocrx_word' id='word_1_189' title='bbox 1106 3037 1305 3111; x_wconf 91' lang='lat' dir='ltr'><strong>unde</strong></span> <span class='ocrx_word' id='word_1_190' title='bbox 1344 3042 1811 3134; x_wconf 84' lang='lat' dir='ltr'><strong>congregatae</strong></span> <span class='ocrx_word' id='word_1_191' title='bbox 1851 3045 2025 3111; x_wconf 90' lang='lat' dir='ltr'><strong>sunt</strong></span> <span class='ocrx_word' id='word_1_192' title='bbox 2058 3038 2133 3110; x_wconf 93' lang='lat' dir='ltr'><strong>in</strong></span> <span class='ocrx_word' id='word_1_193' title='bbox 2167 3058 2256 3113; x_wconf 91' lang='lat' dir='ltr'><strong>ea</strong></span> <span class='ocrx_word' id='word_1_194' title='bbox 2289 3059 2548 3113; x_wconf 90' lang='lat' dir='ltr'><strong>omnes</strong></span> <span class='ocrx_word' id='word_1_195' title='bbox 2591 3040 2898 3116; x_wconf 86' lang='lat' dir='ltr'><strong>virtutes</strong></span> <span class='ocrx_word' id='word_1_196' title='bbox 2926 3031 3001 3134; x_wconf 83' lang='lat'><strong>(³)</strong></span> <span class='ocrx_word' id='word_1_197' title='bbox 3040 3061 3200 3115; x_wconf 91' lang='lat' dir='ltr'><strong>mo-</strong></span> 
     </span>
     <span class='ocr_line' id='line_1_23' title="bbox 853 3156 3198 3256; baseline 0.001 -25"><span class='ocrx_word' id='word_1_198' title='bbox 853 3156 1182 3231; x_wconf 86' lang='lat' dir='ltr'><strong>ventium</strong></span> <span class='ocrx_word' id='word_1_199' title='bbox 1247 3157 1737 3251; x_wconf 85' lang='lat' dir='ltr'><strong>superiorum.</strong></span> <span class='ocrx_word' id='word_1_200' title='bbox 1799 3157 1970 3232; x_wconf 91' lang='lat' dir='ltr'><strong>Ideo</strong></span> <span class='ocrx_word' id='word_1_201' title='bbox 2034 3165 2285 3234; x_wconf 84' lang='lat' dir='ltr'><strong>movet</strong></span> <span class='ocrx_word' id='word_1_202' title='bbox 2338 3180 2546 3234; x_wconf 91' lang='lat' dir='ltr'><strong>mare</strong></span> <span class='ocrx_word' id='word_1_203' title='bbox 2605 3181 2699 3235; x_wconf 84' lang='lat' dir='ltr'><strong>ex</strong></span> <span class='ocrx_word' id='word_1_204' title='bbox 2758 3181 2839 3235; x_wconf 90' lang='lat' dir='ltr'><strong>se</strong></span> <span class='ocrx_word' id='word_1_205' title='bbox 2899 3161 3071 3256; x_wconf 86' lang='lat' dir='ltr'><strong>ipsa,</strong></span> <span class='ocrx_word' id='word_1_206' title='bbox 3123 3168 3198 3235; x_wconf 86' lang='lat' dir='ltr'><strong>et</strong></span> 
     </span>
     <span class='ocr_line' id='line_1_24' title="bbox 853 3276 3198 3373; baseline 0.002 -24"><span class='ocrx_word' id='word_1_207' title='bbox 853 3276 1125 3350; x_wconf 88' lang='lat' dir='ltr'><strong>virtute</strong></span> <span class='ocrx_word' id='word_1_208' title='bbox 1173 3276 1470 3350; x_wconf 89' lang='lat' dir='ltr'><strong>luminis</strong></span> <span class='ocrx_word' id='word_1_209' title='bbox 1520 3277 1718 3371; x_wconf 91' lang='lat' dir='ltr'><strong>quod</strong></span> <span class='ocrx_word' id='word_1_210' title='bbox 1770 3284 2158 3352; x_wconf 88' lang='lat' dir='ltr'><strong>mutuatur</strong></span> <span class='ocrx_word' id='word_1_211' title='bbox 2207 3300 2253 3354; x_wconf 93' lang='lat' dir='ltr'><strong>a</strong></span> <span class='ocrx_word' id='word_1_212' title='bbox 2305 3281 2479 3373; x_wconf 83' lang='lat' dir='ltr'><strong>sole,</strong></span> <span class='ocrx_word' id='word_1_213' title='bbox 2533 3280 2733 3373; x_wconf 91' lang='lat' dir='ltr'><strong>quod</strong></span> <span class='ocrx_word' id='word_1_214' title='bbox 2782 3281 3035 3356; x_wconf 90' lang='lat' dir='ltr'><strong>lumen</strong></span> <span class='ocrx_word' id='word_1_215' title='bbox 3087 3288 3198 3356; x_wconf 87' lang='lat' dir='ltr'><strong>est</strong></span> 
     </span>
     <span class='ocr_line' id='line_1_25' title="bbox 851 3396 3198 3500; baseline 0.003 -31"><span class='ocrx_word' id='word_1_216' title='bbox 851 3403 1342 3492; x_wconf 86' lang='lat' dir='ltr'><strong>temperatum</strong></span> <span class='ocrx_word' id='word_1_217' title='bbox 1396 3396 1469 3470; x_wconf 90' lang='lat' dir='ltr'><strong>in</strong></span> <span class='ocrx_word' id='word_1_218' title='bbox 1520 3418 1632 3492; x_wconf 84' lang='lat' dir='ltr'><strong>ea,</strong></span> <span class='ocrx_word' id='word_1_219' title='bbox 1685 3418 1857 3472; x_wconf 90' lang='lat' dir='ltr'><strong>cum</strong></span> <span class='ocrx_word' id='word_1_220' title='bbox 1914 3399 1988 3472; x_wconf 92' lang='lat' dir='ltr'><strong>in</strong></span> <span class='ocrx_word' id='word_1_221' title='bbox 2038 3400 2192 3474; x_wconf 88' lang='lat' dir='ltr'><strong>sole</strong></span> <span class='ocrx_word' id='word_1_222' title='bbox 2242 3400 2333 3474; x_wconf 84' lang='lat' dir='ltr'><strong>sit</strong></span> <span class='ocrx_word' id='word_1_223' title='bbox 2378 3401 2792 3495; x_wconf 87' lang='lat' dir='ltr'><strong>aliqualiter</strong></span> <span class='ocrx_word' id='word_1_224' title='bbox 2832 3402 3198 3500; x_wconf 24' lang='lat' dir='ltr'><strong>,intempe-</strong></span> 
     </span>
     <span class='ocr_line' id='line_1_26' title="bbox 851 3516 3195 3617; baseline 0.001 -25"><span class='ocrx_word' id='word_1_225' title='bbox 851 3523 1119 3593; x_wconf 90' lang='lat' dir='ltr'><strong>ratum.</strong></span> <span class='ocrx_word' id='word_1_226' title='bbox 1173 3518 1294 3591; x_wconf 88' lang='lat' dir='ltr'><strong>Est</strong></span> <span class='ocrx_word' id='word_1_227' title='bbox 1344 3516 1541 3592; x_wconf 91' lang='lat' dir='ltr'><strong>enim</strong></span> <span class='ocrx_word' id='word_1_228' title='bbox 1593 3518 2081 3594; x_wconf 84' lang='lat' dir='ltr'><strong>exiccativum</strong></span> <span class='ocrx_word' id='word_1_229' title='bbox 2135 3519 2440 3614; x_wconf 85' lang='lat' dir='ltr'><strong>humidi,</strong></span> <span class='ocrx_word' id='word_1_230' title='bbox 2476 3528 2551 3596; x_wconf 90' lang='lat' dir='ltr'><strong>et</strong></span> <span class='ocrx_word' id='word_1_231' title='bbox 2599 3521 3069 3617; x_wconf 85' lang='lat' dir='ltr'><strong>coniungitur</strong></span> <span class='ocrx_word' id='word_1_232' title='bbox 3121 3521 3195 3594; x_wconf 88' lang='lat' dir='ltr'><strong>in</strong></span> 
     </span>
     <span class='ocr_line' id='line_1_27' title="bbox 849 3624 3196 3737; baseline 0 -23"><span class='ocrx_word' id='word_1_233' title='bbox 849 3641 1044 3714; x_wconf 85' lang='lat' dir='ltr'><strong>lunae</strong></span> <span class='ocrx_word' id='word_1_234' title='bbox 1088 3637 1348 3735; x_wconf 82' lang='lat' dir='ltr'><strong>frigido</strong></span> <span class='ocrx_word' id='word_1_235' title='bbox 1385 3645 1793 3734; x_wconf 87' lang='lat' dir='ltr'><strong>temperato</strong></span> <span class='ocrx_word' id='word_1_236' title='bbox 1827 3644 1901 3715; x_wconf 88' lang='lat' dir='ltr'><strong>et</strong></span> <span class='ocrx_word' id='word_1_237' title='bbox 1937 3624 2271 3716; x_wconf 84' lang='lat' dir='ltr'><strong>humido:</strong></span> <span class='ocrx_word' id='word_1_238' title='bbox 2309 3641 2473 3716; x_wconf 90' lang='lat' dir='ltr'><strong>ideo</strong></span> <span class='ocrx_word' id='word_1_239' title='bbox 2508 3644 2671 3737; x_wconf 88' lang='lat' dir='ltr'><strong>plus</strong></span> <span class='ocrx_word' id='word_1_240' title='bbox 2705 3642 2939 3716; x_wconf 84' lang='lat' dir='ltr'><strong>influit</strong></span> <span class='ocrx_word' id='word_1_241' title='bbox 2972 3662 3196 3737; x_wconf 89' lang='lat' dir='ltr'><strong>super</strong></span> 
     </span>
     <span class='ocr_line' id='line_1_28' title="bbox 848 3760 3194 3856; baseline 0 -22"><span class='ocrx_word' id='word_1_242' title='bbox 848 3760 1192 3835; x_wconf 83' lang='lat' dir='ltr'><strong>inferiora</strong></span> <span class='ocrx_word' id='word_1_243' title='bbox 1246 3781 1470 3854; x_wconf 88' lang='lat' dir='ltr'><strong>quam</strong></span> <span class='ocrx_word' id='word_1_244' title='bbox 1524 3760 1770 3854; x_wconf 90' lang='lat' dir='ltr'><strong>aliqua</strong></span> <span class='ocrx_word' id='word_1_245' title='bbox 1821 3761 2058 3835; x_wconf 88' lang='lat' dir='ltr'><strong>virtus</strong></span> <span class='ocrx_word' id='word_1_246' title='bbox 2100 3762 2438 3856; x_wconf 83' lang='lat' dir='ltr'><strong>coelestis,</strong></span> <span class='ocrx_word' id='word_1_247' title='bbox 2474 3762 2647 3855; x_wconf 87' lang='lat' dir='ltr'><strong>quia</strong></span> <span class='ocrx_word' id='word_1_248' title='bbox 2687 3763 3025 3837; x_wconf 88' lang='lat' dir='ltr'><strong>celeriter</strong></span> <span class='ocrx_word' id='word_1_249' title='bbox 3063 3782 3194 3855; x_wconf 92' lang='lat' dir='ltr'><strong>ap-</strong></span> 
     </span>
     <span class='ocr_line' id='line_1_29' title="bbox 847 3880 3193 3978; baseline -0 -23"><span class='ocrx_word' id='word_1_250' title='bbox 847 3881 1064 3978; x_wconf 89' lang='lat' dir='ltr'><strong>plicat</strong></span> <span class='ocrx_word' id='word_1_251' title='bbox 1097 3901 1177 3956; x_wconf 91' lang='lat' dir='ltr'><strong>se</strong></span> <span class='ocrx_word' id='word_1_252' title='bbox 1216 3880 1561 3956; x_wconf 87' lang='lat' dir='ltr'><strong>omnibus</strong></span> <span class='ocrx_word' id='word_1_253' title='bbox 1594 3881 1837 3956; x_wconf 71' lang='lat' dir='ltr'><strong>stellis</strong></span> <span class='ocrx_word' id='word_1_254' title='bbox 1876 3881 2045 3957; x_wconf 90' lang='lat' dir='ltr'><strong>Ideo</strong></span> <span class='ocrx_word' id='word_1_255' title='bbox 2080 3882 2270 3957; x_wconf 87' lang='lat' dir='ltr'><strong>bene</strong></span> <span class='ocrx_word' id='word_1_256' title='bbox 2301 3882 2482 3956; x_wconf 85' lang='lat' dir='ltr'><strong>dixit</strong></span> <span class='ocrx_word' id='word_1_257' title='bbox 2514 3882 2959 3977; x_wconf 84' lang='lat' dir='ltr'><strong>Aristoteles,</strong></span> <span class='ocrx_word' id='word_1_258' title='bbox 2995 3881 3193 3976; x_wconf 91' lang='lat' dir='ltr'><strong>quod</strong></span> 
     </span>
     <span class='ocr_line' id='line_1_30' title="bbox 847 4001 3194 4097; baseline 0 -21"><span class='ocrx_word' id='word_1_259' title='bbox 847 4004 1023 4077; x_wconf 89' lang='lat' dir='ltr'><strong>luna</strong></span> <span class='ocrx_word' id='word_1_260' title='bbox 1073 4002 1243 4076; x_wconf 85' lang='lat' dir='ltr'><strong>facit</strong></span> <span class='ocrx_word' id='word_1_261' title='bbox 1292 4001 1365 4075; x_wconf 94' lang='lat' dir='ltr'><strong>in</strong></span> <span class='ocrx_word' id='word_1_262' title='bbox 1419 4022 1673 4077; x_wconf 89' lang='lat' dir='ltr'><strong>mense</strong></span> <span class='ocrx_word' id='word_1_263' title='bbox 1723 4001 1922 4096; x_wconf 88' lang='lat' dir='ltr'><strong>quod</strong></span> <span class='ocrx_word' id='word_1_264' title='bbox 1972 4002 2080 4075; x_wconf 91' lang='lat' dir='ltr'><strong>sol</strong></span> <span class='ocrx_word' id='word_1_265' title='bbox 2131 4001 2300 4077; x_wconf 85' lang='lat' dir='ltr'><strong>facit</strong></span> <span class='ocrx_word' id='word_1_266' title='bbox 2349 4001 2422 4075; x_wconf 91' lang='lat' dir='ltr'><strong>in</strong></span> <span class='ocrx_word' id='word_1_267' title='bbox 2471 4022 2702 4097; x_wconf 90' lang='lat' dir='ltr'><strong>anno;</strong></span> <span class='ocrx_word' id='word_1_268' title='bbox 2749 4022 2982 4096; x_wconf 89' lang='lat' dir='ltr'><strong>quare</strong></span> <span class='ocrx_word' id='word_1_269' title='bbox 3034 4022 3194 4076; x_wconf 87' lang='lat' dir='ltr'><strong>me-</strong></span> 
     </span>
     <span class='ocr_line' id='line_1_31' title="bbox 846 4122 3194 4219; baseline 0 -23"><span class='ocrx_word' id='word_1_270' title='bbox 846 4122 985 4196; x_wconf 91' lang='lat' dir='ltr'><strong>dici</strong></span> <span class='ocrx_word' id='word_1_271' title='bbox 1037 4122 1113 4194; x_wconf 88' lang='lat' dir='ltr'><strong>in</strong></span> <span class='ocrx_word' id='word_1_272' title='bbox 1152 4124 1502 4216; x_wconf 85' lang='lat' dir='ltr'><strong>curando,</strong></span> <span class='ocrx_word' id='word_1_273' title='bbox 1538 4122 1881 4217; x_wconf 67' lang='lat' dir='ltr'><strong>agricolae</strong></span> <span class='ocrx_word' id='word_1_274' title='bbox 1914 4122 1990 4195; x_wconf 88' lang='lat' dir='ltr'><strong>in</strong></span> <span class='ocrx_word' id='word_1_275' title='bbox 2026 4122 2354 4215; x_wconf 90' lang='lat' dir='ltr'><strong>colendo,</strong></span> <span class='ocrx_word' id='word_1_276' title='bbox 2392 4128 2637 4196; x_wconf 85' lang='lat' dir='ltr'><strong>nautae</strong></span> <span class='ocrx_word' id='word_1_277' title='bbox 2672 4122 2746 4195; x_wconf 90' lang='lat' dir='ltr'><strong>in</strong></span> <span class='ocrx_word' id='word_1_278' title='bbox 2783 4122 3194 4219; x_wconf 82' lang='lat' dir='ltr'><strong>navigando</strong></span> 
     </span>
     <span class='ocr_line' id='line_1_32' title="bbox 848 4241 3197 4336; baseline 0 -22"><span class='ocrx_word' id='word_1_279' title='bbox 848 4248 1262 4334; x_wconf 88' lang='lat' dir='ltr'><strong>sequuntur</strong></span> <span class='ocrx_word' id='word_1_280' title='bbox 1316 4248 1602 4315; x_wconf 87' lang='lat' dir='ltr'><strong>motum</strong></span> <span class='ocrx_word' id='word_1_281' title='bbox 1645 4243 1862 4335; x_wconf 72' lang='lat' dir='ltr'><strong>lunae,</strong></span> <span class='ocrx_word' id='word_1_282' title='bbox 1901 4261 2069 4335; x_wconf 86' lang='lat' dir='ltr'><strong>quae</strong></span> <span class='ocrx_word' id='word_1_283' title='bbox 2122 4246 2420 4336; x_wconf 87' lang='lat' dir='ltr'><strong>propter</strong></span> <span class='ocrx_word' id='word_1_284' title='bbox 2467 4262 2679 4316; x_wconf 90' lang='lat' dir='ltr'><strong>suam</strong></span> <span class='ocrx_word' id='word_1_285' title='bbox 2723 4241 3197 4316; x_wconf 83' lang='lat' dir='ltr'><strong>materialita-</strong></span> 
     </span>
     <span class='ocr_line' id='line_1_33' title="bbox 849 4359 3195 4456; baseline -0 -21"><span class='ocrx_word' id='word_1_286' title='bbox 849 4367 999 4435; x_wconf 89' lang='lat' dir='ltr'><strong>tem</strong></span> <span class='ocrx_word' id='word_1_287' title='bbox 1037 4365 1235 4435; x_wconf 90' lang='lat' dir='ltr'><strong>tenet</strong></span> <span class='ocrx_word' id='word_1_288' title='bbox 1266 4360 1590 4455; x_wconf 90' lang='lat' dir='ltr'><strong>aliquam</strong></span> <span class='ocrx_word' id='word_1_289' title='bbox 1642 4361 2167 4435; x_wconf 87' lang='lat' dir='ltr'><strong>obscuritatem</strong></span> <span class='ocrx_word' id='word_1_290' title='bbox 2221 4360 2443 4436; x_wconf 89' lang='lat' dir='ltr'><strong>etiam</strong></span> <span class='ocrx_word' id='word_1_291' title='bbox 2481 4371 2866 4456; x_wconf 86' lang='lat' dir='ltr'><strong>postquam</strong></span> <span class='ocrx_word' id='word_1_292' title='bbox 2921 4359 3195 4435; x_wconf 89' lang='lat' dir='ltr'><strong>illumi-</strong></span> 
     </span>
    </p>
   </div>
   <div class='ocr_carea' id='block_1_3' title="bbox 971 4545 2534 4686">
    <p class='ocr_par' dir='ltr' id='par_1_4' title="bbox 971 4545 2534 4686">
     <span class='ocr_line' id='line_1_34' title="bbox 971 4545 2534 4610; baseline 0.002 -14"><span class='ocrx_word' id='word_1_293' title='bbox 971 4545 1025 4607; x_wconf 84' lang='lat'><strong>(¹)</strong></span> <span class='ocrx_word' id='word_1_294' title='bbox 1057 4545 1119 4596; x_wconf 86' lang='lat' dir='ltr'><strong>E.</strong></span> <span class='ocrx_word' id='word_1_295' title='bbox 1152 4546 1281 4595; x_wconf 75' lang='lat' dir='ltr'><strong>haec.</strong></span> <span class='ocrx_word' id='word_1_296' title='bbox 1698 4545 1755 4609; x_wconf 81' lang='lat'><strong>(⁸)</strong></span> <span class='ocrx_word' id='word_1_297' title='bbox 1785 4546 1847 4596; x_wconf 86' lang='lat' dir='ltr'><strong>E.</strong></span> <span class='ocrx_word' id='word_1_298' title='bbox 1881 4545 2021 4610; x_wconf 84' lang='lat' dir='ltr'><strong>quod</strong></span> <span class='ocrx_word' id='word_1_299' title='bbox 2053 4552 2237 4597; x_wconf 73' lang='lat' dir='ltr'><strong>natura</strong></span> <span class='ocrx_word' id='word_1_300' title='bbox 2270 4546 2407 4597; x_wconf 76' lang='lat' dir='ltr'><strong>lunae</strong></span> <span class='ocrx_word' id='word_1_301' title='bbox 2439 4553 2534 4599; x_wconf 73' lang='lat' dir='ltr'><strong>est.</strong></span> 
     </span>
     <span class='ocr_line' id='line_1_35' title="bbox 972 4621 2177 4686; baseline 0 -13"><span class='ocrx_word' id='word_1_302' title='bbox 972 4621 1029 4684; x_wconf 84' lang='lat'><strong>(⁸)</strong></span> <span class='ocrx_word' id='word_1_303' title='bbox 1059 4621 1121 4671; x_wconf 85' lang='lat' dir='ltr'><strong>E.</strong></span> <span class='ocrx_word' id='word_1_304' title='bbox 1152 4623 1371 4673; x_wconf 69' lang='lat' dir='ltr'><strong>virtutes</strong></span> <span class='ocrx_word' id='word_1_305' title='bbox 1401 4629 1683 4686; x_wconf 72' lang='lat' dir='ltr'><strong>moventes,</strong></span> <span class='ocrx_word' id='word_1_306' title='bbox 1717 4636 1809 4674; x_wconf 84' lang='lat' dir='ltr'><strong>sen</strong></span> <span class='ocrx_word' id='word_1_307' title='bbox 1842 4622 2177 4675; x_wconf 76' lang='lat' dir='ltr'><strong>moventium.</strong></span> 
     </span>
    </p>
   </div>
  </div>
 </body>
</html>
