3734 5567
1352 514 1633 570 cmm-us
1679 516 2004 571 mnus.
2705 506 2845 575 369

495 668 724 736 totam
776 660 1041 753 vitam3
1096 659 1292 733 unde
1339 658 1550 757 virgo
1601 665 1712 735 est
1762 680 1931 753 quae
1981 665 2228 735 sancta
2269 668 2381 736 est
2421 682 2733 758 corpore
2773 670 2848 738 et

494 781 777 877 spiritu,
805 785 891 853 ut
923 778 1024 854 ait
1058 780 1450 874 apostolus.
1479 780 1665 853 Nota
1701 779 1924 854 etiam
1951 779 2148 873 quod
2175 780 2554 877 virginitas
2591 782 2847 857 nobilis

494 901 810 977 conditio
846 920 1139 994 semper
1172 900 1306 974 suit
1341 899 1415 973 in
1456 899 1692 995 pretio
1726 900 1948 974 etiam
1984 905 2158 974 ante
2195 900 2479 974 cultum
2514 902 2848 977 christia-

496 1043 612 1096 nae
650 1021 1042 1119 religioniS,
1070 1020 1259 1095 sicut
1282 1021 1516 1114 patuit
1550 1020 1624 1093 in
1656 1019 1958 1116 orithya
2000 1020 2252 1115 regina
2278 1020 2736 1096 Amazonum
2776 1029 2851 1097 et

499 1141 572 1214 in
625 1141 1029 1238 virginibus
1081 1140 1501 1234 vestalibus,
1549 1142 1837 1232 sorella,
1886 1139 2092 1233 idest,
2127 1158 2341 1213 soror
2369 1133 2444 1231 (¹)
2490 1144 2846 1217 monacha

502 1261 870 1356 monialis3
922 1269 998 1337 et
1045 1261 1353 1336 deheres
1408 1278 1936 1357 recognoscere
1965 1249 2039 1351 (¹)
2109 1279 2230 1333 me
2281 1259 2448 1334 licet
2496 1260 2630 1334 sim
2684 1262 2848 1356 pul-

499 1381 695 1456 crior
744 1381 820 1454 in
870 1381 1019 1456 vita
1062 1382 1220 1476 ista,
1257 1401 1483 1474 quam
1538 1399 1659 1454 me
1699 1378 1968 1454 videris
2018 1379 2092 1452 in
2145 1384 2390 1453 vestra
2434 1381 2843 1476 mundana3

498 1501 732 1575 unde:
786 1523 824 1575 e
869 1523 945 1575 se
993 1505 1067 1575 la
1117 1507 1339 1575 mente
1390 1507 1509 1573 tua
1558 1500 1686 1572 ben
1734 1502 1833 1572 mi
1880 1502 2261 1592 riquarda,
2306 1500 2509 1595 idest,
2552 1501 2611 1574 si
2661 1502 2849 1577 bene

501 1640 804 1695 revocas
837 1620 929 1694 ad
980 1619 1441 1712 memoriam,
1476 1639 1618 1691 non
1670 1622 1768 1691 mi
1814 1622 1866 1691 ti
1913 1609 2143 1691 celerd
2191 1622 2237 1691 Γ
2262 1641 2454 1694 esser
2488 1617 2611 1712 pita
2645 1622 2842 1695 bella.

500 1739 588 1812 Et
638 1740 757 1813 hic
807 1745 978 1813 nota
1030 1739 1229 1834 quod
1280 1738 1374 1811 de
1424 1737 1777 1812 Picharda
1840 1738 2288 1832 pulcerrima
2350 1747 2552 1815 recte
2617 1741 2850 1835 potuit

496 1860 635 1935 dici
700 1860 879 1934 illud
938 1860 1252 1956 Virgilii:
1326 1861 1618 1932 Gratior
1684 1865 1751 1931 et
1802 1861 2055 1949 pulcro
2119 1862 2395 1933 veniens
2455 1882 2494 1933 e
2554 1882 2885 1966 corpore·

502 1983 744 2054 virtus.
795 1979 1149 2069 Quamvis
1200 1979 1393 2054 enim
1458 1979 1736 2053 Seneca
1785 1977 2003 2073 dicat,
2055 1979 2254 2073 quod
2321 1979 2452 2053 sibi
2515 1981 2853 2064 videatur

502 2120 790 2175 errasse
842 2100 1207 2197 Virgilius,
1251 2121 1398 2175 non
1433 2098 1644 2175 video
1695 2119 1955 2194 quare,
2008 2100 2182 2193 quia
2234 2121 2384 2175 non
2433 2100 2613 2175 dixit
2652 2102 2850 2195 quod

501 2221 734 2295 virtus
786 2220 877 2294 sit
926 2220 1166 2295 maior
1232 2220 1351 2294 vel
1417 2219 1806 2315 perfectior
1868 2219 1943 2292 in
2002 2221 2260 2313 pulcro
2327 2240 2661 2316 corpore,
2725 2220 2851 2295 sed

500 2342 782 2439 gratior
823 2341 1100 2436 judicio
1149 2339 1577 2415 videntium.
1616 2340 1688 2413 Si
1735 2339 1932 2415 enim
1981 2341 2235 2435 pulcra
2271 2341 2362 2414 sit
2395 2341 2652 2436 pudica
2692 2361 2852 2415 ma-

501 2463 613 2557 gis
661 2461 1009 2535 laudatur
1060 2466 1136 2534 et
1184 2459 1420 2557 magis
1469 2466 1580 2534 est
1628 2466 1838 2557 grata
1894 2459 2326 2554 videntihuS,
2378 2460 2546 2534 licet
2610 2461 2847 2535 forma

505 2601 650 2654 non
702 2580 793 2653 sit
843 2600 961 2653 res
1011 2577 1387 2672 invidiosa,
1439 2577 1590 2652 imo
1639 2579 1905 2672 saepius
1955 2579 2329 2674 damnosa,
2366 2585 2450 2652 ut
2500 2579 2735 2674 patuit
2775 2580 2846 2653 in

501 2700 798 2794 Helena,
864 2698 1124 2773 Paride
1184 2704 1257 2772 et
1321 2697 1633 2792 Caesare,
1693 2719 1813 2771 ma
1873 2702 2399 2790 ricoqnoscerai
2454 2702 2555 2772 αι’
2579 2702 2650 2772 io
2714 2719 2845 2771 son

502 2821 878 2911 Piccarda,
937 2838 1163 2911 quam
1217 2823 1301 2891 tu
1352 2816 1613 2891 novisti
1663 2816 1736 2890 in
1789 2817 1961 2912 vita,
2008 2825 2084 2893 et
2132 2818 2226 2893 de
2276 2839 2422 2912 qua
2476 2824 2556 2891 tu
2607 2817 2846 2914 petisti

498 2940 800 3015 fratrem
857 2958 1110 3013 meum
1160 2936 1543 3011 Foresium
1616 2937 1690 3010 in
1755 2939 2204 3035 purgatorio.
2259 2939 2349 3013 Et
2398 2938 2628 3036 tangit
2689 2958 2848 3012 sor-

496 3067 674 3155 tem,
725 3059 1010 3134 dicens:
1065 3059 1184 3130 che
1221 3065 1433 3149 posta
1466 3060 1610 3150 qui,
1647 3057 1943 3152 scilicet,
1986 3057 2059 3130 in
2101 3078 2410 3153 corpore
2450 3058 2671 3152 lunae,
2716 3079 2849 3131 con

497 3182 714 3270 questi
745 3180 915 3251 altri
946 3178 1151 3267 beati,
1186 3176 1477 3270 scilicet,
1514 3176 1945 3273 virginibus,
1981 3178 2184 3252 beata
2231 3198 2363 3251 son
2412 3179 2597 3250 nella
2634 3198 2849 3270 spera

498 3294 620 3393 pin)
670 3300 910 3389 tarda,
960 3297 1251 3391 scilicet,
1318 3297 1537 3370 lunae.
1613 3296 1719 3370 Ad
1781 3297 1982 3391 quod
2040 3304 2150 3373 est
2207 3297 2584 3373 sciendum
2651 3298 2848 3392 quod

505 3418 1012 3513 unusquisque
1060 3417 1349 3512 planeta
1401 3415 1769 3491 consumit
1816 3417 1981 3511 plus
2033 3418 2149 3491 vel
2210 3417 2452 3492 minus
2503 3418 2853 3513 temporis

502 3538 575 3611 in
645 3558 781 3611 suo
840 3557 1064 3613 cursu
1135 3536 1542 3612 secundum
1613 3536 2104 3611 maioritatem
2173 3538 2290 3611 vel
2355 3538 2846 3613 minoritatem

501 3657 950 3731 cIrculorum
1003 3656 1476 3750 eorumdem3
1529 3655 1728 3749 quia,
1765 3654 2059 3752 scilicet,
2096 3655 2417 3756 circulus
2470 3657 2687 3730 unius
2737 3663 2850 3731 est

503 3777 739 3852 maior
788 3777 1065 3852 circulo
1112 3775 1438 3870 alteriuS,
1493 3774 1869 3876 quoniam,
1919 3780 2002 3848 ut
2051 3780 2363 3849 testatur
2411 3773 2846 3870 MacrobiuS,

499 3917 756 3971 omnes
806 3897 1117 3991 planetae
1165 3895 1545 3989 aequaliter
1597 3901 2027 3988 moventur3
2062 3914 2233 3968 nam
2272 3894 2368 3969 ita
2405 3894 2548 3968 cito
2589 3894 2848 3968 transit

500 4016 674 4092 luna
725 4038 958 4091 unum
1013 4015 1328 4090 stadium
1380 4014 1474 4089 de
1522 4014 1799 4090 circulo
1862 4036 2000 4089 suo
2068 4014 2258 4088 sicut
2309 4015 2416 4089 sol
2470 4034 2702 4087 unum
2754 4013 2848 4088 de

502 4157 687 4231 suo;
738 4137 901 4212 ideo
951 4137 1128 4210 luna
1178 4134 1469 4211 videtur
1503 4134 1825 4209 velocior
1861 4134 1937 4207 in
1974 4139 2181 4207 motu
2216 4154 2353 4207 suo
2389 4154 2560 4208 cum
2597 4140 2849 4207 tamen

503 4275 650 4328 non
685 4254 796 4327 sit.
832 4255 971 4329 Sed
1004 4255 1124 4329 hic
1155 4275 1367 4350 spera
1404 4255 1599 4326 lunae
1642 4252 2051 4347 appellatur
2096 4253 2331 4347 tarda,
2371 4252 2555 4328 idest
2595 4273 2852 4348 parva,

502 4372 677 4467 quia
727 4372 1064 4446 describit
1115 4373 1476 4447 minorem
1519 4372 1927 4466 circulum3
1963 4373 2081 4448 vel
2120 4372 2385 4447 dicitur
2435 4373 2641 4447 tarda
2679 4372 2850 4466 quia

624 4632 681 4695 (¹)
712 4630 775 4682 Β.
808 4643 960 4682 soror
989 4631 1242 4682 monialis.
1744 4630 1801 4693 (¹)
1835 4636 1880 4693 4,
1916 4645 2227 4697 eognoeoem
2260 4646 2362 4684 me,

767 4737 843 4783 tv.
2528 4739 2582 4780 2⁴
