3734 5567
1286 470 1565 526 currus
1615 472 2003 526 SECUNDUS·
2679 463 2820 530 355

467 617 706 712 modo,
761 636 929 710 quae
982 622 1235 690 tamen
1288 620 1673 709 reputatur
1714 634 1892 690 vera
1942 636 1988 689 a
2027 616 2309 712 magnis
2344 618 2813 713 sapientibuS‚

466 736 769 811 intendit
795 735 1163 810 adducere
1182 755 1437 809 veram
1468 734 1827 808 rationem
1857 734 2077 807 huius
2105 736 2455 840 maculaeq
2478 746 2551 812 et
2579 738 2819 833 primo

471 857 702 931 reddit
752 863 1093 930 autorem
1146 861 1510 929 attentum
1564 854 1881 930 offerens
1914 875 1994 930 se
2029 862 2493 931 ostensuram
2546 859 2820 934 verita-

472 981 623 1049 tem
677 978 784 1051 rei
837 997 968 1072 per
1019 974 1644 1070 comparationem
1710 975 2026 1068 claram3
2096 981 2172 1048 et
2231 975 2402 1049 dicit
2469 977 2819 1073 breviter,

476 1095 671 1190 quod
722 1097 911 1170 sicut
960 1095 1066 1168 sol
1121 1094 1337 1168 radiis
1389 1094 1539 1167 suis
1590 1094 1890 1168 resolvit
1942 1095 2212 1188 nivem,
2249 1094 2347 1169 ita
2387 1097 2582 1189 quod
2628 1119 2825 1191 aqua

477 1221 811 1290 remanet
862 1215 1136 1288 nudata
1186 1214 1386 1288 omni
1441 1213 1792 1307 qualitate
1843 1213 2104 1308 prima,
2157 1214 2256 1288 ita
2320 1215 2472 1309 ipsa
2525 1217 2828 1291 rationi-

477 1336 614 1409 bus
667 1335 815 1409 suis
866 1356 1174 1410 excussa
1226 1335 1427 1408 nube
1478 1333 1571 1408 de
1621 1339 1869 1408 mente
1903 1335 2182 1408 autoris
2235 1335 2529 1410 inducet
2577 1338 2820 1412 lucem

482 1477 732 1530 veram
785 1463 859 1530 et
910 1457 1210 1530 claram.
1267 1455 1629 1529 Construe
1662 1454 1764 1527 sic
1807 1454 2132 1528 literam:
2180 1459 2284 1528 Or
2318 1460 2548 1546 voylio
2599 1457 2827 1551 infor-

479 1596 640 1648 mar
677 1583 737 1649 te
771 1579 927 1648 nell’
953 1579 1271 1649 intelletco
1321 1577 1619 1664 rimas-0,
1653 1574 1946 1667 scilicet,
1988 1575 2082 1648 ab
2130 1595 2388 1650 errore
2422 1575 2632 1649 dictae
2667 1578 2826 1671 opi-

480 1694 734 1789 nioniS‚
787 1698 863 1768 di
911 1698 1056 1768 luce
1104 1688 1164 1768 si
1213 1699 1474 1785 vivace,
1528 1693 1732 1788 idest,
1785 1694 2097 1768 veritate
2148 1701 2297 1768 tam
2355 1694 2656 1789 efficaci,
2711 1699 2831 1769 che

483 1820 532 1889 ti
580 1806 977 1907 tremolerd,
1028 1816 1320 1909 scilicet,
1373 1815 1465 1889 ad
1518 1815 1744 1888 instar
1796 1814 1990 1908 soliS‚
2028 1815 2237 1908 quasi
2294 1814 2507 1909 dicat,
2556 1816 2829 1891 lucebit

481 1941 555 2009 et
603 1935 1021 2030 splendebit,
1057 1938 1171 2008 nel
1199 1957 1326 2008 suo
1372 1943 1661 2028 aspecto,
1704 1934 1890 2009 idest
1920 1926 2019 2028 (⁴),
2056 1934 2501 2030 inspectione
2537 1942 2610 2009 et
2647 1957 2827 2010 con-

481 2054 916 2129 sideratione
964 2054 1155 2127 illius
1184 2054 1409 2156 *luciS‚
1463 2055 1616 2130 sive
1667 2054 2017 2148 veritatis,
2059 2047 2202 2127 cosi
2250 2076 2440 2128 come
2464 2059 2517 2129 ’l
2545 2056 2827 2129 subiecto

484 2177 665 2247 della
714 2196 905 2266 neve,
960 2174 1164 2269 idest,
1218 2196 1435 2268 aqua,
1505 2178 1745 2247 riman
1793 2176 2010 2264 nudo,
2063 2172 2268 2267 idest,
2314 2174 2701 2269 spoliatum
2758 2181 2830 2250 et

483 2296 874 2390 privatum,
926 2317 964 2367 e
1013 2298 1140 2368 dal
1185 2299 1420 2368 colore
1452 2317 1487 2368 e
1521 2297 1648 2368 dal
1677 2297 1936 2389 fredulo
1980 2297 2270 2388 primai,
2313 2295 2517 2389 idest,
2556 2295 2829 2390 primis.

482 2415 636 2490 Hoc
685 2415 973 2490 videtur
1025 2414 1269 2490 dicere
1321 2415 1494 2509 quia
1558 2414 1681 2488 nix
1742 2421 2145 2509 generatur
2206 2435 2298 2488 ex
2364 2435 2640 2510 vapore
2691 2416 2833 2488 bu-

489 2534 708 2627 mido,
751 2540 824 2607 et
857 2534 1269 2628 aliqualiter
1318 2535 1547 2608 calido
1583 2539 1897 2610 attracto
1938 2554 1984 2607 a
2019 2534 2193 2628 sole,
2232 2553 2399 2627 quae
2436 2540 2684 2608 tamen
2725 2540 2840 2609 est

488 2654 565 2727 in
614 2673 695 2728 se
744 2653 1024 2750 frigida,
1060 2662 1310 2749 postea
1346 2654 1692 2729 calefacta
1728 2675 1774 2728 a
1808 2654 1963 2729 sole
1999 2652 2389 2727 resolvitur
2424 2654 2497 2726 in
2533 2675 2833 2749 aquam,

451 2779 566 2866 ⁸et
615 2773 715 2876 sic
767 2775 1118 2869 spoliatur
1171 2773 1639 2867 qualitatibus
1691 2773 1966 2868 primis.
2030 2772 2120 2848 Et
2177 2772 2278 2846 sic
2337 2778 2536 2867 patet
2598 2793 2837 2866 quan-

494 2900 649 2967 tum
703 2895 1153 2989 comparatio
1204 2895 1295 2967 sit
1344 2893 1638 2988 propria
1690 2894 1782 2968 ad
1825 2891 2319 2989 propositum:
2357 2914 2603 2967 sermo
2639 2894 2837 2967 enim

488 3014 869 3110 theologiae
924 3020 1123 3089 recte
1174 3013 1621 3088 assimilatur
1648 3004 1723 3106 (²)
1767 3014 1974 3088 radio
2016 3013 2183 3088 solis
2203 3038 2223 3108 3
2269 3014 2464 3088 unde
2511 3014 2587 3087 in
2639 3014 2842 3108 prin-

493 3134 680 3227 cipio
715 3134 1007 3229 capituli
1037 3134 1408 3228 sequentis
1442 3140 1658 3208 vocat
1695 3134 2107 3208 Beatricem
2143 3135 2368 3209 solem
2387 3159 2407 3229 3
2437 3156 2634 3229 aqua
2661 3155 2844 3209 vero

496 3253 967 3348 susceptibilis
1019 3275 1229 3328 novae
1281 3253 1649 3348 qualitatis
1699 3254 1890 3329 bene
1940 3254 2301 3328 similatur
2352 3255 2581 3328 menti
2631 3260 2846 3330 auto-

500 3373 618 3447 ris,
646 3414 745 3427 —
769 3379 1058 3447 DentrO.
1112 3374 1241 3447 Hic
1293 3375 1587 3449 Beatrix
1628 3375 1788 3448 vult
1822 3376 2210 3450 ostendere
2245 3375 2676 3470 promissam
2713 3394 2847 3450 ve-

499 3494 813 3589 ritatem,
867 3501 941 3569 et
989 3494 1329 3569 describit
1378 3494 1713 3570 ordinem
1770 3515 2184 3590 sperarum,
2221 3502 2295 3570 et
2345 3496 2696 3570 virtutem
2735 3494 2849 3567 in-

499 3612 1062 3707 telligentiarum
1120 3613 1572 3688 moventium
1626 3634 1773 3687 eas.
1829 3615 1917 3687 Et
1962 3615 2135 3709 quia
2169 3619 2320 3689 tota
2356 3613 2570 3689 litera
2606 3634 2847 3709 usque

498 3733 571 3806 in
639 3719 859 3807 finem
929 3732 1216 3806 videtur
1284 3731 1508 3827 fortis,
1580 3732 1744 3807 ideo
1806 3739 2006 3827 nota,
2070 3734 2322 3826 lector,
2390 3733 2588 3826 quod
2639 3734 2851 3807 'sicut

499 3858 872 3927 ostensum
926 3851 1062 3925 fuit
1112 3873 1332 3946 supra
1386 3852 1678 3927 realiter
1729 3858 1803 3926 et
1854 3873 2033 3927 vere
2091 3851 2499 3926 secundum
2560 3851 2843 3946 opinio-

501 3992 666 4047 nem
720 3969 1318 4048 excellentiorum
1353 3963 1454 4067 (³),
1484 3973 1716 4047 nubes
1752 3972 1824 4045 in
1859 3991 2172 4066 corpore
2214 3971 2410 4044 lunae
2447 3976 2555 4045 est
2590 3992 2636 4045 a
2672 3991 2847 4045 raro

504 4098 578 4165 et
608 4092 865 4186 denso3
902 4100 1146 4168 tamen
1180 4099 1398 4188 poeta
1432 4099 1681 4168 noster
1707 4093 1823 4167 vel
1859 4092 1951 4167 ad
1987 4091 2535 4168 excusationem
2556 4080 2633 4183 (⁴)
2669 4091 2852 4167 alio-

506 4230 674 4283 rum
725 4210 843 4286 vel
891 4212 982 4285 ad
1032 4213 1591 4288 ostentationem
1643 4213 1757 4287 sui
1805 4212 2318 4308 superinduxit
2370 4233 2638 4287 novam
2692 4213 2850 4309 opi-

631 4506 685 4568 (¹)
717 4507 778 4557 E.
812 4507 1024 4568 scilicet,
1058 4509 1112 4558 in
1142 4511 1472 4573 inspectione.
1877 4513 1892 4572 (

631 4581 686 4647 (⁸)
717 4583 779 4633 E.
811 4584 1383 4639 excellentissimorum.
1882 4587 1919 4651 (⁸
