3734 5567
1162 495 1441 551 CANTUS
1488 495 1873 551 VIGESIMUS
1920 495 2254 561 QUINTUS.
2744 487 2877 552 101

541 639 995 737 parationem
1047 640 1439 735 propriam,
1479 638 1750 732 dicenS,
1785 640 1983 732 quod
2036 640 2197 714 talis
2248 646 2359 715 est
2406 646 2582 716 tunc
2632 640 2879 714 anima

541 760 616 834 in
685 759 1002 853 homine,
1056 760 1288 853 qualis
1355 763 1465 832 est
1521 758 1596 832 in
1655 758 1952 833 animali
2017 758 2482 855 imperfecto,
2552 761 2739 835 sicut
2808 760 2883 833 in

542 879 943 976 conchylio,
986 878 1183 972 quod
1223 878 1500 951 nullam
1553 879 1774 953 habet
1823 879 2138 955 formam
2186 881 2721 973 membrorum,
2757 880 2885 954 sed

540 1001 760 1075 babet
817 997 1086 1093 aliquid
1155 998 1315 1072 looo
1371 998 1609 1072 cordis
1675 1004 1749 1072 et
1811 999 2121 1093 cerebri,
2180 1006 2254 1074 et
2330 1021 2478 1074 non
2540 1005 2882 1073 movetur

541 1126 751 1194 motu
801 1117 1216 1214 processivo
1266 1117 1359 1192 de
1426 1119 1588 1193 loco
1647 1118 1740 1193 ad
1801 1120 2073 1213 locum,
2133 1119 2260 1194 sed
2319 1125 2603 1195 tantum
2674 1126 2879 1193 motu

540 1239 970 1314 dilatationis
1019 1244 1092 1311 et
1141 1237 1668 1313 constrictionis
1717 1239 2011 1332 quando
2060 1238 2276 1313 sentit
2316 1238 2585 1332 aliquid
2634 1237 2883 1312 confe-

542 1378 709 1433 rens
760 1359 877 1432 vel
930 1376 1229 1451 nocens3
1286 1357 1478 1432 unde
1530 1358 1749 1432 habet
1781 1358 2023 1432 solum
2057 1378 2357 1433 sensum
2402 1364 2659 1432 tactus.
2698 1356 2882 1431 Dicit

538 1499 755 1575 ergo:
808 1498 999 1551 come
1040 1481 1265 1571 funyo
1315 1479 1624 1568 marino,
1673 1477 1861 1551 sicut
1912 1483 2156 1551 ostrea
2190 1469 2309 1570 (¹);
2346 1483 2421 1550 et
2455 1482 2565 1551 est
2607 1496 2881 1551 conve-

538 1599 742 1673 niens
791 1597 1240 1693 comparatio
1292 1597 1540 1672 valde:
1594 1604 1668 1671 et
1712 1603 1964 1692 postea
1999 1596 2305 1671 intendit
2353 1597 2445 1671 ad
2499 1597 2882 1672 formatio-

541 1739 708 1793 nem
763 1718 1274 1792 membrorum
1286 1741 1307 1810 3
1361 1716 1557 1791 unde
1605 1715 1815 1791 dicit:
1854 1723 1922 1789 et
1964 1719 2115 1790 indi
2142 1719 2525 1808 imprende,
2563 1716 2769 1810 idest,
2808 1724 2884 1791 et

537 1837 796 1913 deinde
847 1837 1111 1932 incipit,
1163 1839 1264 1911 ad
1310 1856 1636 1926 oryanar
1686 1839 1748 1909 le
1790 1856 2022 1928 posse,
2073 1834 2256 1909 idest
2312 1834 2406 1909 ad
2465 1835 2878 1909 faciendum

538 1978 815 2053 organa
856 1958 1191 2051 potentiis
1224 1955 1748 2051 corporalibuS,
1792 1955 1984 2028 sicut
2023 1955 2324 2028 oculum
2367 1954 2577 2047 visui,
2614 1974 2880 2028 aurem

541 2076 844 2169 auditui,
895 2072 1117 2150 ond'e‘
1160 2083 1479 2167 semente,
1530 2075 1733 2168 idest,
1787 2092 2109 2167 quarum
2177 2074 2671 2169 potentiarum
2723 2074 2878 2168 ipsa

538 2202 646 2273 est
679 2216 955 2271 semen.
997 2197 1084 2269 Et
1118 2196 1483 2271 concludit
1516 2194 1786 2269 Statius
1825 2194 1903 2267 in
1942 2195 2078 2269 hac
2111 2200 2321 2288 parte
2353 2195 2599 2270 dicens
2633 2195 2878 2269 Danti:

539 2339 583 2391 o
626 2319 965 2410 fiolinIO,
1014 2335 1103 2388 or
1150 2319 1214 2388 si
1245 2320 1525 2408 sptem,
1560 2336 1650 2387 or
1695 2318 1758 2387 si
1795 2317 2129 2406 distende,
2168 2313 2373 2407 idest,
2411 2335 2607 2389 nunc
2649 2314 2881 2409 expli-

537 2443 770 2531 catur,
822 2457 1019 2511 nunc
1067 2435 1521 2510 declaratur:
1576 2434 1782 2528 quasi
1834 2433 2049 2526 dicat,
2109 2453 2205 2507 ex
2263 2433 2623 2527 praedictis
2677 2453 2875 2507 nunc

540 2556 841 2631 faciliter
890 2562 1111 2652 patet,
1163 2558 1237 2629 la
1286 2550 1495 2646 virtic,
1532 2554 1821 2645 scilicet,
1856 2553 2048 2627 dicta
2100 2552 2335 2626 virtus
2386 2553 2873 2648 informativa,

540 2678 643 2750 αι’
666 2672 708 2750 ε’
751 2678 875 2748 dal
916 2696 1089 2748 cuor
1136 2677 1253 2749 del
1296 2681 1696 2766 qenerance,
1731 2673 2025 2766 scilicet,
2063 2673 2393 2765 masculi,
2430 2676 2629 2762 dove,
2668 2674 2872 2768 idest,

539 2796 612 2870 in
680 2817 829 2888 quo
896 2795 1138 2890 corde,
1198 2802 1489 2887 natura,
1550 2794 1840 2889 scilicet,
1903 2799 2271 2886 naturata,
2330 2795 2628 2885 incende,
2690 2793 2880 2866 sicut

530 2917 685 3012 jam
721 2915 998 2989 dictum
1033 2922 1143 2990 est
1167 2937 1412 3011 supra,
1439 2937 1488 2988 a
1528 2922 1687 2989 tutte
1710 2916 2049 3006 membra,
2075 2913 2368 3007 scilicet,
2397 2912 2875 3007 procreanda.

535 3037 623 3110 Et
675 3034 790 3109 hic
840 3042 1012 3110 nota
1066 3036 1264 3129 quod
1317 3036 1551 3109 virtus
1600 3034 2026 3130 generativa
2077 3032 2488 3128 principalis
2519 3025 2593 3124 (²)
2644 3040 2755 3108 est
2808 3033 2879 3107 in

539 3154 785 3248 corde,
838 3161 919 3227 ut
968 3154 1137 3229 dicit
1187 3154 1553 3247 AverroiS,
1606 3154 1680 3225 in
1744 3151 2067 3226 secundo
2128 3153 2242 3225 sui
2303 3151 2696 3248 Colligeth:
2752 3153 2880 3227 sed

540 3274 711 3349 huic
746 3274 994 3348 virtuti
1046 3272 1419 3369 principali
1460 3271 1886 3348 deserviunt
1921 3278 2180 3364 testes3
2217 3272 2590 3346 concurrit
2625 3278 2879 3348 autem

540 3413 831 3489 sperma
881 3393 1170 3467 feminae
1221 3393 1293 3465 in
1345 3391 1846 3489 generatione,
1885 3412 2032 3465 non
2085 3396 2332 3464 tamen
2382 3411 2699 3487 semper,
2742 3414 2880 3468 nec

539 3512 632 3588 de
681 3511 1130 3605 necessitate,
1166 3511 1296 3585 sed
1330 3510 1423 3585 ad
1450 3512 1995 3606 juvamentum.
2032 3511 2157 3583 Est
2191 3510 2382 3583 enirn
2427 3530 2720 3604 sperma
2770 3512 2881 3587 fe-

540 3632 757 3705 minae
808 3629 1196 3704 humiditas
1248 3629 1587 3722 quaedam
1642 3648 1923 3723 aquosa
1973 3635 2048 3703 et
2099 3629 2562 3723 superfluitas
2626 3630 2879 3706 similis

542 3750 772 3824 urinae
822 3750 1238 3824 discurrens
1287 3769 1419 3843 per
1468 3747 2027 3823 delectationem
2069 3748 2257 3823 sicut
2299 3748 2524 3823 saliva
2576 3768 2670 3823 ex
2722 3771 2874 3827 ore.

539 3871 754 3945 Pater
804 3889 983 3966 ergo
1033 3870 1231 3943 solus
1283 3867 1407 3942 dat
1455 3868 1771 3943 formam
1824 3868 1993 3942 filio.

683 3993 836 4079 Ma,
869 4009 1063 4062 come
1093 3990 1162 4061 d’
1188 3991 1475 4062 animal.
1531 3990 1672 4062 Ista
1724 3995 1835 4063 est
1886 3986 2102 4061 tertia
2152 4007 2322 4081 pars
2384 3988 2748 4084 generalis
2800 3990 2875 4065 in

538 4130 687 4203 qua
738 4109 1007 4182 Statius
1056 4107 1394 4182 describit
1443 4108 1997 4204 productionem
2044 4105 2312 4181 animae
2352 4106 2745 4183 rationalis.
2789 4112 2878 4186 Et

537 4229 773 4323 primo
823 4229 1074 4302 volens
1126 4226 1595 4302 manifestare
1643 4227 2006 4324 originem
2062 4226 2222 4301 eius
2275 4226 2502 4323 tangit
2552 4228 2879 4307 arduita-

537 4357 686 4424 tem
738 4347 942 4423 istius
991 4367 1267 4442 passuS,
1322 4353 1404 4420 ut
1457 4346 1709 4421 reddat
1755 4353 2049 4442 poetam
2086 4353 2391 4422 acutum
2429 4354 2504 4423 et
2535 4368 2874 4442 praecau-

660 4607 716 4671 (¹)
749 4611 858 4668 ¹1⁷,
892 4606 1107 4658 hostica.
1544 4607 1598 4670 (¹)
1631 4607 1692 4656 E.
1725 4606 2098 4670 principaliter.
