3734 5567
1162 526 1437 581 cAN'rth
1486 527 1866 581 vlesssmus
1919 527 2283 580 SEPTIMUS.
2753 516 2891 582 147

541 673 784 744 cendio
830 692 1051 744 senza
1100 678 1347 761 metm,
1382 669 1586 763 idest,
1623 690 1974 745 mensura
1993 663 2093 763 (¹).
2132 670 2218 742 Et
2256 670 2446 744 bene
2487 669 2693 765 fingit
2727 671 2891 765 boc,

545 791 716 884 quia
766 797 916 865 tam
956 790 1160 865 sortis
1194 790 1381 887 ignis
1415 790 1735 887 exigitur
1767 790 1861 866 ad
1897 790 2412 886 purgationem
2471 798 2692 864 tantae
2729 798 2894 865 tur-

545 910 902 1005 pitudinis.
957 910 1100 984 Sed
1150 917 1406 984 contra
1457 915 1743 984 tantum
1798 909 2217 985 incendium
2263 911 2613 986 continuo
2649 910 2893 986 subdit

546 1030 959 1106 remedium
1014 1028 1312 1125 Virgilii,
1365 1029 1656 1103 dicens:
1711 1033 1780 1103 lo
1842 1033 2039 1103 dolce
2084 1032 2320 1122 padre
2371 1034 2536 1123 miO,
2589 1051 2894 1127 compa-

547 1149 732 1224 tiens
789 1150 1014 1224 calori
1078 1170 1247 1224 meo
1307 1150 1657 1244 humano,
1716 1171 1858 1242 pur
1922 1153 1999 1224 di
2059 1155 2377 1234 Bealrice
2433 1154 2891 1244 rayionando

547 1272 837 1343 andava
879 1291 1012 1362 per
1060 1272 1548 1364 confortarmi,
1582 1269 1786 1363 idest,
1826 1276 1908 1343 ut
1942 1291 2181 1345 essem
2233 1270 2435 1345 fortis
2486 1279 2560 1345 et
2609 1273 2893 1367 patiens

548 1390 873 1465 maxime
923 1411 1095 1464 cum
1150 1410 1464 1486 magnus
1513 1390 1722 1464 dolor
1770 1410 1919 1463 non
1975 1390 2199 1486 possit
2247 1410 2409 1466 esse
2463 1392 2677 1467 nimis
2729 1394 2893 1467 lon-

545 1532 709 1607 guS,
761 1513 1053 1585 dicendo
1071 1537 1095 1585 .·
1144 1501 1268 1602 ρίὰ
1315 1512 1523 1584 veder
1563 1513 1808 1603 parmi
1852 1514 1956 1602 qli
2002 1512 2195 1582 occlti
2242 1514 2421 1602 suoi,
2475 1511 2549 1585 in
2615 1513 2886 1606 quibus

547 1629 1034 1724 principaliter
1072 1629 1393 1705 consistit
1425 1628 1838 1725 pulcritudo
1881 1628 2086 1702 istius
2126 1629 2463 1703 dominae.
2494 1670 2594 1684 -—
2625 1634 2892 1705 Gnidu-

546 1753 720 1823 vaci.
774 1750 904 1825 Hic
954 1757 1169 1846 poeta
1218 1749 1312 1823 ad
1371 1749 1571 1823 aliud
1631 1748 2097 1845 refrigerium
2162 1749 2340 1822 tanti
2400 1749 2710 1825 incendii
2760 1750 2892 1825 de-

547 1869 791 1944 scribit
840 1890 1098 1946 vocem
1151 1868 1455 1944 alterius
1504 1869 1745 1965 angeli
1782 1868 2110 1943 vocantis
2160 1875 2235 1943 et
2287 1868 2698 1964 recipientis
2733 1890 2885 1965 θος,

549 1990 712 2064 laete
778 1990 1059 2065 dicens:
1120 1991 1506 2064 Guidavaci
1561 2009 1706 2061 una
1763 2008 1951 2082 voce,
2011 1987 2301 2083 scilicet,
2354 1988 2704 2085 angelica,
2770 1992 2891 2063 clw

551 2116 852 2184 cantava
901 2112 978 2183 di
1025 2099 1124 2200 ld,
1158 2110 1348 2183 ultra
1385 2109 1656 2204 ignem,
1693 2106 1882 2181 sicut
1915 2107 2353 2201 promiserat
2393 2109 2701 2205 angelus
2736 2108 2890 2205 pri-

551 2253 718 2305 mus
768 2252 1034 2327 supra3
1086 2251 1125 2303 e
1173 2233 1319 2320 noi,
1369 2232 1607 2302 attenti
1660 2249 1802 2321 pur
1860 2249 1909 2301 a
1967 2231 2079 2320 lei,
2139 2228 2430 2321 scilicet,
2484 2230 2669 2323 voci,
2722 2249 2893 2323 quae

547 2351 932 2426 videbatur
987 2370 1133 2424 non
1182 2349 1426 2423 minus
1466 2348 1708 2423 divina
1743 2369 1967 2443 quam
2006 2348 2267 2445 prima,
2304 2353 2644 2422 venimmo
2687 2355 2888 2445 suor,

549 2477 758 2544 extra
821 2470 1223 2563 flammam,
1274 2458 1347 2541 ἰὰ
1405 2490 1534 2541 ove
1595 2472 1660 2542 si
1721 2476 2081 2559 moutam,
2141 2467 2432 2562 scilicet,
2502 2469 2596 2543 ad
2660 2490 2890 2544 unam

405 2614 408 2617 ·
553 2590 745 2662 viam
798 2595 1154 2683 cavatam,
1207 2608 1355 2682 qua
1407 2587 1664 2661 salitur
1726 2608 1960 2662 mons,
2014 2588 2103 2660 Et
2161 2588 2279 2662 hic
2337 2587 2639 2665 adverte
2691 2590 2891 2683 quod

549 2715 764 2804 poeta
804 2728 938 2804 per
973 2714 1207 2782 totum
1245 2708 1757 2803 purgatorium
1794 2708 2181 2801 hucusque
2223 2707 2422 2782 venit
2461 2707 2534 2780 in
2571 2707 2886 2781 circuitu

550 2828 836 2922 montiS,
888 2834 964 2903 et
1024 2847 1222 2901 nunc
1281 2827 1521 2922 primo
1582 2826 1803 2899 intrat
1863 2846 2132 2922 corpus
2195 2826 2417 2922 ipsius
2477 2825 2745 2899 montis
2814 2827 2890 2900 in

551 2948 939 3023 cacumine
988 2949 1169 3023 eius.
1222 2949 1311 3021 Et
1363 2947 1592 3044 tangit
1657 2947 1885 3041 ipsam
1954 2966 2241 3039 vocem,
2292 2944 2572 3020 dicens:
2641 2950 2890 3039 Venite,

549 3050 878 3142 benedicti
919 3071 1150 3159 patris
1200 3069 1371 3158 mei,·
1423 3066 1621 3159 quod
1657 3066 1971 3141 verbum
2024 3065 2216 3140 dicet
2248 3065 2601 3139 Dominus
2641 3066 2891 3141 electis

545 3188 696 3262 suis
746 3189 819 3262 in
858 3188 975 3263 die
999 3186 1278 3282 judicii,
1319 3187 1474 3261 sive
1525 3185 1942 3280 novissima,
1977 3178 2154 3258 sono
2189 3188 2436 3259 dentro
2472 3206 2519 3258 a
2552 3207 2648 3258 zm
2683 3189 2889 3277 lume,

545 3307 835 3402 scilicet,
886 3307 1324 3405 angelicum.
1363 3306 1686 3402 Angelus
1730 3305 1924 3379 enim
1978 3305 2389 3379 luminosus
2431 3313 2592 3380 erat
2626 3305 2722 3379 ibi
2758 3305 2891 3381 de·-

546 3433 844 3522 putatus
894 3427 986 3501 ad
1039 3426 1528 3520 receptionem
1583 3426 2001 3499 animarum
2066 3432 2601 3522 purgatarum3
2664 3430 2783 3500 che
2843 3420 2893 3501 li

546 3567 699 3638 cra,
751 3547 828 3619 in
877 3546 1030 3641 ipso
1092 3545 1434 3638 introitu3
1499 3547 1602 3617 tal
1664 3547 1782 3617 che
1846 3546 1943 3617 mi
2000 3547 2216 3637 muse,
2280 3545 2454 3639 quia
2515 3544 2895 3622 nimietate

550 3664 973 3761 splendoris,
1024 3686 1062 3737 e
1109 3667 1437 3755 „quardar
1494 3667 1618 3737 nol
1667 3666 1874 3756 potet.
1928 3661 2131 3737 Sicut
2193 3665 2389 3740 enim
2456 3686 2590 3761 per
2652 3672 2890 3740 totum

545 3786 917 3861 infernum
972 3785 1445 3880 reperiuntur
1508 3783 1747 3880 angeli
1811 3784 1985 3857 mali
2050 3785 2357 3858 ministri
2407 3785 2716 3880 justitiae
2782 3786 2895 3860 di-

546 3906 758 3999 vinae,
812 3906 910 3980 ita
961 3924 1092 4000 per
1144 3911 1379 3978 totum
1447 3902 1960 3999 purgatorium
2012 3910 2186 3976 sunt
2235 3903 2472 3999 angeli
2527 3903 2697 3978 boni
2752 3904 2894 3978 mi-

546 4026 752 4100 nistri
802 4025 1065 4100 divinae
1127 4023 1554 4101 clementiae.
1627 4023 1715 4095 Et
1779 4021 2010 4117 tangit
2070 4022 2291 4096 aliam
2356 4043 2618 4098 vocem
2686 4024 2894 4099 istius

545 4144 785 4242 angeli
836 4143 1237 4238 clarissimi,
1290 4142 1575 4218 dicens:
1630 4148 1705 4217 et
1754 4141 1875 4216 ille
1925 4142 2254 4239 angelus,
2305 4146 2703 4235 soqqiume,
2759 4145 2892 4219 ad-

549 4284 857 4340 monens
921 4285 1053 4339 nos
1119 4263 1555 4339 salubriter:
1628 4267 1696 4337 lo
1762 4266 1875 4335 sol
1929 4283 2052 4335 sen
2113 4284 2231 4354 va,
2291 4263 2584 4360 scilicet,
2654 4267 2891 4342 tertiae

547 4384 712 4479 diei,
755 4405 802 4458 c
851 4389 1005 4459 vien
1057 4389 1129 4459 la
1179 4404 1373 4474 sera,
1426 4382 1629 4477 idest,
1673 4389 1747 4457 et
1787 4382 1866 4456 fit
1916 4403 2087 4477 nox,
2142 4384 2351 4477 quasi
2402 4385 2592 4462 dicat
2642 4408 2892 4463 mora-

673 4644 730 4709 (¹)
765 4650 873 4705 11⁷,
906 4647 1015 4696 sine
1046 4659 1305 4697 mensura.
