3734 5567
879 483 1017 548 128
1594 488 2005 545 COMENTUM
2054 491 2496 546 Punessoml

870 634 1394 709 sententialiter
1443 632 1615 707 dicit
1673 632 1875 728 quod
1939 635 2086 709 tale
2143 654 2379 730 genus
2443 630 2823 708 hominum
2887 632 3216 727 peccavit

872 775 1003 850 per
1054 753 1484 847 sodomiam,
1544 753 1743 847 quod
1796 753 2057 827 vitium
2109 753 2380 828 infame
2430 752 2565 826 fuit
2615 752 2789 831 olim
2843 751 3212 826 obiectum

873 875 1139 951 Caesari
1204 874 1607 950 clarissimo
1672 873 1997 969 principi.
2053 874 2158 948 Ad
2217 873 2430 948 cuius
2498 872 2602 947 rei
2664 873 3213 968 intelligentiam

874 1003 986 1071 est
1036 996 1411 1075 sciendum
1452 994 1672 1089 quod,
1707 994 1899 1077 sicut
1920 994 2179 1079 ‚scribit
2212 993 2601 1077 Svetonius
2636 993 2873 1088 primo
2907 992 3002 1071 de
3032 992 3218 1066 duo·
3316 1072 3321 1079 ὁ

872 1116 1108 1190 decim
1163 1115 1596 1208 CaesaribuS,
1646 1114 1893 1190 Caesar
1944 1115 2263 1188 multum
2314 1113 2494 1188 arsit
2543 1113 2711 1207 igne
2760 1111 3104 1209 libidinisf,
3145 1115 3217 1186 et

875 1236 1113 1330 primo
1163 1235 1458 1330 quidem
1513 1241 1846 1329 tempore
1879 1233 2388 1309 adolescentiae
2438 1253 2593 1306 suae
2645 1251 2818 1305 cum
2872 1230 3218 1306 militaret

874 1356 948 1428 in
999 1355 1164 1429 Asia
1198 1355 1338 1428 sub
1377 1354 1643 1428 Termo
1686 1361 2025 1449 praetore,
2063 1353 2326 1427 missus
2359 1351 2454 1427 ab
2488 1371 2580 1426 eo
2614 1350 2707 1424 ad
2745 1350 3212 1426 Nicomedem

878 1496 1131 1571 regem
1168 1475 1544 1570 Bithyniae,
1579 1474 2105 1570 turpitudinem
2144 1494 2400 1569 passus
2450 1476 2589 1546 est:
2629 1476 2791 1545 erat
2833 1470 3026 1544 enim
3067 1469 3217 1545 sor-

877 1615 1127 1668 mosus
1177 1600 1250 1669 et
1301 1593 1599 1667 floridus
1661 1592 1900 1687 nimiS,
1952 1613 2045 1667 ex
2109 1613 2260 1685 quo
2325 1591 2646 1664 maxima
2709 1589 3006 1664 infamia
3060 1589 3216 1681 fuit,

874 1722 947 1790 et
1000 1717 1231 1788 multa
1283 1713 1678 1788 obbrobria
1729 1713 1921 1788 dicta
1970 1719 2144 1786 sunt
2194 1713 2267 1785 in
2320 1732 2531 1787 eum:
2586 1731 2781 1784 unus
2833 1709 3027 1785 enim
3083 1731 3217 1784 vo-

873 1835 1087 1910 cabat
1138 1856 1313 1910 eum
1366 1833 1697 1929 pellicem
1752 1834 2110 1928 reginam,
2144 1832 2333 1907 alius
2373 1831 2746 1907 stabulum
2782 1830 3215 1924 Nicomedia,

873 1955 1061 2029 alius
1112 1953 1555 2050 bithynicam
1622 1952 1978 2048 reginam.
2043 1953 2229 2027 Cum
2281 1958 2535 2026 autem
2602 1950 2902 2046 quidam
2970 1951 3217 2026 fatuus

874 2081 1123 2150 mente
1157 2075 1232 2148 in
1269 2073 1590 2147 maxima
1628 2073 1844 2146 turba
1892 2072 2274 2147 hominum
2316 2072 2748 2167 appellasset
2780 2071 3211 2167 Pompeium

875 2215 1155 2291 regem,
1190 2193 1531 2269 salutavit
1564 2193 1930 2266 Caesarem
1968 2192 2324 2288 reginam.
2361 2192 2501 2267 Sed
2546 2192 2620 2265 in
2670 2212 3005 2266 amorem
3042 2213 3215 2265 mu-

873 2315 1141 2389 lierum
1194 2313 1328 2386 fuit
1378 2312 1593 2385 nimis
1650 2332 1953 2407 pronuS,
2005 2333 2325 2406 quarum
2389 2314 2662 2386 multas
2720 2312 3039 2387 illustres
3089 2331 3215 2385 co-

874 2433 1147 2530 gnovit,
1184 2438 1258 2508 et
1293 2432 1570 2526 aliquot
1604 2431 1894 2529 reginas
1934 2432 2302 2527 praecipue
2336 2433 2824 2528 Cleopatram,
2851 2453 3026 2508 cum
3065 2454 3211 2527 qua

876 2553 1065 2628 inter
1136 2558 1242 2626 tot
1308 2551 1633 2646 pericula
1700 2551 2137 2645 dormiebat,
2205 2558 2279 2627 et
2347 2553 2465 2626 cui
2535 2552 2831 2628 donavit
2899 2573 3212 2648 regnum

874 2673 1165 2771 AEgypti
1205 2674 1279 2746 in
1314 2671 1702 2767 praemium
1739 2692 2044 2746 suarum
2083 2671 2486 2747 libidinum.
2524 2674 2881 2768 Cognovit
2916 2679 2990 2749 et
3028 2693 3216 2747 uxo-

875 2815 1034 2869 rem
1087 2793 1413 2888 Pompei,
1463 2797 1537 2867 et
1600 2798 1916 2866 matrem
1981 2792 2216 2866 Crassi
2249 2784 2320 2884 (¹)
2394 2800 2469 2866 et
2535 2791 2757 2867 filiam
2827 2792 3037 2887 eius3
3090 2792 3215 2866 sed

871 2915 1062 2990 bene
1113 2912 1389 3008 recepit
1438 2913 1674 2987 vicem
1728 2912 1802 2985 in
1831 2904 1910 3005 (²)
1965 2933 2202 2986 uxore
2236 2933 2367 2985 sua
2405 2912 2752 3007 Pompeia
2789 2934 3013 3006 quam
3051 2913 3217 2987 Clo-

872 3034 1034 3108 dius
1086 3034 1206 3107 fex
1258 3038 1684 3107 senatorum
1746 3032 2089 3126 cognovit
2147 3031 2221 3104 in
2286 3032 2556 3126 templo
2609 3031 2683 3105 in
2745 3033 2994 3106 babitu
3052 3054 3218 3106 mu—

872 3153 1088 3227 lieris.
1143 3153 1330 3227 Cum
1381 3158 1631 3226 autem
1688 3152 1935 3226 Caesar
1982 3156 2144 3245 post
2195 3150 2443 3225 omnia
2493 3150 2683 3224 bella
2725 3151 2925 3224 finita
2962 3161 3221 3247 ageret

871 3292 1045 3346 suos
1097 3271 1505 3365 triumphos
1541 3270 1667 3364 qui
1706 3269 2008 3344 suerunt
2042 3269 2373 3362 quinque
2408 3270 2482 3342 in
2518 3270 2755 3364 primo
2796 3272 3057 3367 gallico
3093 3272 3218 3366 qui

873 3393 1010 3466 fuit
1034 3390 1417 3486 gloriosior
1444 3389 2029 3481 caeteriS,milites
2056 3394 2449 3482 sequentes
2475 3410 2783 3472 currum
2813 3392 3219 3487 triumpha-

877 3513 1024 3587 lem
1075 3510 1169 3584 de
1219 3507 1748 3583 consuetudine
1798 3514 2176 3583 cantantes
2227 3510 2556 3585 carmina
2599 3511 3033 3606 joculariter
3067 3512 3218 3587 cla-

879 3632 1209 3707 mabant:
1246 3629 1512 3704 Gallias
1546 3630 1788 3702 Caesar
1824 3627 2134 3725 subegit,
2177 3629 2608 3705 Nicomedes
2646 3631 3011 3706 Caesarem
3052 3636 3214 3723 etc„

874 3758 949 3826 et
971 3749 1091 3824 alii
1120 3749 1568 3825 clamabant:
1591 3749 1852 3849 urbani
1879 3756 2172 3824 servate
2201 3750 2891 3842 uxoreS,moechum
2921 3750 3235 3824 calvum.

870 3870 1305 3946 adducimus
1355 3875 1490 3943 etc.
1546 3868 1650 3942 Ad
1703 3868 1991 3943 literam
2052 3888 2235 3964 ergo
2292 3869 2463 3943 dicit
2529 3868 2806 3944 Guido:
2859 3874 2964 3942 La
3019 3876 3218 3959 yeme

869 3995 990 4065 che
1038 4012 1185 4065 non
1235 3994 1389 4064 vien
1455 4010 1588 4061 con
1642 3992 1787 4079 noi,
1853 3987 2148 4079 scilicet,
2220 4009 2389 4081 quae
2449 3989 2815 4064 clamabat
2873 3989 3214 4082 Sodoma,

870 4118 1103 4204 offese,
1154 4109 1445 4204 scilicet,
1489 4109 1726 4185 Deum
1764 4115 1836 4183 et
1873 4113 2046 4182 natu
2058 4129 2242 4201 ram,
2285 4111 2360 4182 di
2397 4101 2529 4201 οἱὸ,
2564 4109 2857 4204 scilicet,
2893 4129 2985 4184 eo
3048 4128 3221 4204 pec-

871 4239 1060 4324 cato,
1118 4226 1372 4321 perche*
1435 4233 1690 4302 Cesare
1750 4230 2193 4321 trionsando,
2259 4227 2550 4323 scilicet,
2618 4229 2710 4303 de
2785 4228 3036 4322 Gallia,
3098 4218 3221 4319 yid

1018 4445 1032 4473 ¹
1349 4446 1379 4459 ..

993 4451 1052 4585 ὃς
1083 4445 1471 4571 ἓῚίἱιῦιῖἰῖὲω
1503 4534 1649 4571 suam
1683 4520 2000 4583 Pompeiam.
2026 4524 2216 4580 -117,
2251 4526 2396 4573 certe
2428 4520 2557 4572 bone
2578 4524 2772 4585 recepit
2797 4522 2965 4573 vicem
2999 4522 3052 4570 in
3085 4533 3221 4571 uxo·

877 4617 990 4655 rem
1024 4613 1172 4651 suam
1203 4598 1522 4662 Pompeiam.
