3734 5567
1060 482 1202 548 460
1839 491 2248 548 coMEN'rUM
2295 494 2629 547 mrumst

1052 987 1219 1055 CAN
1220 985 1381 1053 TUS
1429 984 1865 1068 SEPTIMUS,
1898 989 1970 1051 in
1998 1005 2118 1069 quo
2159 988 2511 1053 continetwr
2552 987 3008 1053 exterminium
3033 984 3361 1068 judaeonmt,

1694 1099 1806 1164 ubi
1847 1104 2085 1165 tractat
2127 1098 2205 1165 de
2247 1105 2444 1165 morte
2492 1096 2756 1166 Christi.
2835 1151 2842 1156 .

1219 1380 1617 1548 OSANNA
1652 1480 1933 1547 sanctus
1950 1477 2137 1546 Deus
2163 1474 2486 1547 Sabaoth.
2518 1474 2930 1570 Postquam
2970 1472 3043 1544 in
3077 1469 3359 1565 proximo

1056 1594 1492 1693 praecedenti
1543 1593 1861 1688 capitulo
1905 1594 2174 1668 Dantes
2214 1593 2619 1668 introduxit
2651 1594 2990 1667 animam
3035 1585 3358 1664 Iustiniani

1055 1715 1619 1813 persuadentem
1662 1713 1787 1808 jus
1824 1721 1900 1787 et
1924 1713 2278 1808 Justitiam
2318 1713 2605 1788 romani
2647 1712 2969 1808 imperii,
3005 1729 3194 1784 nunc
3221 1726 3359 1781 con-

1055 1843 1450 1930 sequenter
1513 1834 1589 1907 in
1663 1834 1798 1907 isto
1852 1834 1972 1907 Vll
2040 1833 2356 1928 capitulo
2427 1839 2834 1927 pertractat
2907 1851 3132 1904 unam
3195 1843 3358 1919 quae-

1056 1957 1362 2030 stionem
1416 1975 1584 2049 quae
1647 1955 1885 2028 oritur
1936 1974 2029 2028 ex
2083 1955 2405 2049 quodam
2473 1953 2666 2027 dicto
2727 1953 3074 2048 superius
3129 1947 3358 2045 posit03

1058 2084 1133 2151 et
1181 2083 1292 2150 est
1343 2074 1682 2168 quaestio:
1738 2075 2111 2169 quomodo
2179 2074 2493 2150 vindicta
2560 2074 2748 2148 facta
2817 2094 2955 2168 per
3019 2071 3242 2144 Titum
3289 2064 3386 2138 de·

1056 2203 1298 2270 morte
1347 2195 1608 2268 Christi
1661 2195 1895 2289 potuit
1945 2215 2106 2269 esse
2136 2196 2362 2291 justa,
2403 2196 2463 2268 si
2504 2215 2705 2269 mors
2740 2193 3012 2269 Christi
3051 2191 3225 2265 sacta
3253 2183 3357 2258 sub

1054 2315 1342 2389 Tiberio
1393 2314 1526 2388 fuit
1566 2315 1817 2410 Justa?
1866 2316 2051 2389 Nam
2114 2315 2172 2388 si
2229 2315 2460 2411 judex
2517 2316 2721 2410 juste
2787 2316 3095 2389 damnat
3164 2324 3353 2393 reum,

1058 2435 1427 2531 quomodo
1477 2441 1714 2528 potest
1763 2435 1922 2510 fieri
1974 2436 2288 2510 vindicta
2327 2436 2528 2531 justa
2579 2435 2672 2510 de
2725 2440 2910 2510 reo?
2951 2434 3039 2507 Et
3090 2441 3353 2525 praesens

1055 2557 1454 2650 capitulum
1509 2563 1745 2651 potest
1792 2556 2010 2632 dividi
2063 2557 2303 2632 solum
2354 2557 2428 2630 in
2481 2563 2630 2630 tres
2679 2562 2933 2651 partes
2985 2548 3353 2650 general&

1057 2678 1134 2751 in
1183 2698 1501 2771 quarum
1555 2677 1792 2772 prima
1844 2684 2063 2752 autor
2126 2683 2522 2772 pertractat
2571 2677 2844 2752 dictam
2900 2672 3349 2770 quaestionem.

1053 2801 1132 2872 ln
1183 2798 1503 2873 secunda
1552 2797 1772 2871 aliam
1815 2818 1985 2892 quae
2036 2797 2359 2872 nascitur
2410 2817 2505 2871 ex
2556 2797 2818 2892 prima,
2857 2795 2997 2870 ihi:
3037 2796 3158 2866 Ma
3190 2790 3266 2860 io.
3295 2782 3352 2854 ln

1054 2916 1264 2993 tertia
1309 2924 1383 2991 et
1418 2917 1674 2991 ultima
1724 2917 1942 2991 aliam
1998 2937 2168 3011 quae
2210 2916 2531 2991 nascitur
2573 2936 2666 2990 ex
2702 2914 3053 3006 secunda,
3089 2909 3209 2984 ibi:
3255 2907 3352 2990 Or,

1045 3058 1176 3131 per
1238 3040 1568 3129 empierti.
1639 3037 1746 3110 Ad
1812 3038 2137 3131 primum
2206 3037 2390 3131 dico,
2460 3037 2657 3130 quod
2715 3045 2942 3111 autor
3008 3026 3352 3128 pertractat

1052 3157 1520 3251 principalem
1551 3158 2063 3250 quaestionem3
2093 3156 2218 3231 sed
2244 3157 2483 3251 primo
2511 3156 2888 3251 praemittit
2915 3172 3143 3228 unum
3175 3161 3353 3221 exor-

1052 3276 1280 3369 dium,
1332 3277 1406 3349 in
1458 3298 1607 3370 quo
1660 3278 1890 3372 tangit
1950 3297 2320 3352 recessum
2386 3277 2790 3370 Justiniani,
2855 3283 2932 3352 et
2989 3260 3351 3367 apparatio-

1054 3415 1224 3470 nem
1276 3395 1386 3468 sui
1438 3395 1530 3468 ad
1584 3416 1850 3469 novam
1897 3396 2323 3489 materiam;
2362 3396 2556 3470 unde
2589 3397 3028 3469 continuans
3060 3388 3232 3463 dicta
3265 3376 3349 3450 di·

1053 3514 1297 3589 cendis
1348 3514 1517 3588 dicit
1565 3515 1761 3609 quod
1803 3515 2250 3589 Justinianus
2285 3515 2604 3590 cantavit
2652 3515 2727 3587 in
2781 3514 2928 3588 fine
2961 3529 3113 3585 suae
3151 3505 3348 3592 longae

1052 3634 1397 3709 orationis
1448 3635 1701 3710 laudes
1750 3635 2135 3728 Altissim0‚
2189 3642 2263 3709 et
2313 3634 2672 3709 cantando
2716 3630 3087 3730 disparuit.
3122 3616 3344 3697 Ordina

1051 3774 1232 3853 ergo
1282 3754 1385 3829 sic
1435 3755 1721 3829 literam
1774 3761 1848 3829 et
1900 3775 2223 3849 expone:
2279 3759 2458 3827 Essa
2505 3761 2870 3845 sustanza,
2911 3753 3112 3839 idest,
3144 3738 3344 3815 anima

1049 3875 1400 3970 praeclara
1454 3875 1492 3947 J
1499 3873 1858 3968 ustiniaui‚
1911 3895 2134 3966 sopra
2183 3876 2257 3946 la
2306 3876 2477 3965 qual
2520 3876 2777 3966 doppio
2827 3877 3006 3947 lame
3051 3859 3343 3940 s’addum

1048 3994 1254 4090 idest,
1308 3994 1803 4090 ingeminatur
1854 3999 1932 4066 et
1981 3993 2416 4087 duplicatur,
2470 3993 2642 4086 quia
2685 3993 3124 4067 Justinianus
3155 3974 3342 4069 fulget

1047 4114 1312 4211 duplici
1362 4115 1596 4209 gloria
1638 4114 1710 4187 in
1746 4113 1958 4207 coe10‚
2004 4113 2192 4188 sicut
2227 4113 2299 4186 in
2335 4114 2613 4188 mundo
2647 4114 2783 4187 fuit
2815 4107 3183 4208 dupliciter
3214 4094 3341 4192 glo-

1050 4234 1310 4327 riosuS‚
1373 4234 1667 4326 scilicet,
1733 4233 1887 4306 utili
1953 4232 2266 4307 editione
2325 4234 2602 4329 legum,
2656 4239 2731 4309 et
2769 4235 2969 4330 justa
3017 4223 3338 4324 guberna-

1051 4351 1246 4425 tione
1296 4352 1580 4445 imperii
1636 4353 1954 4448 reparati
2011 4353 2286 4428 viribus
2335 4374 2746 4449 armorum,
2778 4358 2860 4447 fu
2903 4356 3047 4427 viso
3092 4342 3340 4416 cantare

1049 4492 1098 4543 a
1146 4491 1280 4561 me,
1330 4477 1491 4564 post
1541 4473 1837 4566 longam
1889 4472 2297 4547 orationem
2340 4494 2575 4568 suam,
2614 4473 3014 4567 volyendosi
3044 4465 3178 4539 alla
3204 4455 3336 4528 rota

1047 4613 1213 4681 sua,
1273 4590 1488 4685 idest,
1555 4592 1918 4667 movendo
1985 4611 2067 4667 se
2134 4593 2224 4667 ad
2278 4601 2578 4669 cantum
2639 4618 2893 4692 suum,
2944 4581 3108 4678 cosi,
3154 4574 3328 4658 idest,
