3734 5567
876 407 1019 477 280
1548 417 1961 473 coumrrnu
2009 417 2448 473 PURGATORII

877 584 1048 636 rum
1101 562 1533 655 impressam
1585 560 1758 653 sibi3
1815 567 1888 635 et
1938 560 2042 634 sic
2093 561 2292 635 vides
2343 560 2541 654 quod
2598 559 3045 654 comparatio
3106 567 3218 633 est

873 685 1167 781 optima.
1190 685 1447 755 -Ma.
1486 683 1696 755 Nunc
1728 687 1946 776 poeta
1983 688 2234 757 movet
2266 681 2743 775 quaestionem
2786 680 2983 755 circa
3025 699 3217 775 prae-

870 804 1087 897 dicta,
1136 810 1210 877 et
1259 800 1437 897 petit
1488 819 1661 874 cum
1714 800 2198 875 admiratione
2245 800 2444 874 unde
2493 801 2584 874 sit
2635 800 2831 895 quod
2885 820 3032 873 non
3082 818 3215 893 po-

869 929 1008 999 test
1057 921 1462 1019 intelligere
1513 920 1741 994 verba
1790 921 1974 1012 eiuS,
2024 920 2309 994 dicens:
2356 924 2482 994 Ma
2533 926 2773 993 vostra
2805 921 3071 1011 parola
3102 921 3217 992 di·-

870 1047 1082 1133 stata,
1118 1041 1321 1137 idest,
1365 1060 1611 1116 sermo
1664 1046 1907 1115 vester
1957 1039 2194 1114 dictus
2234 1040 2373 1113 sub
2408 1039 2778 1134 parabola,
2822 1059 3044 1132 quem
3086 1037 3215 1112 diu

874 1162 1281 1238 desideravi
1329 1161 1589 1235 audire
1638 1167 1714 1234 et
1763 1159 2190 1258 intelligere,
2227 1156 2488 1252 perche*
2525 1166 2717 1233 tanto
2768 1162 2958 1251 vola,
3010 1159 3214 1250 idest,

877 1281 1340 1373 transcendit,
1390 1300 1613 1372 sopra
1673 1282 1819 1352 mia
1877 1282 2152 1373 vedum,
2208 1279 2412 1374 idest,
2466 1279 2952 1375 cognitionem
3007 1278 3219 1352 intel-

878 1402 1290 1494 lectualem,
1341 1403 1461 1473 che
1504 1395 1628 1491 pi&
1676 1403 1750 1472 la
1789 1402 2038 1492 perde,
2073 1399 2225 1494 ipsa
2261 1398 2576 1494 cognitio
2617 1418 2784 1473 mea
2834 1398 2872 1441 *
2900 1397 3214 1472 verbum

879 1528 1233 1612 vestrum,
1269 1527 1527 1613 quanto
1565 1515 1695 1613 pi&
1742 1522 1799 1592 ε’
1825 1523 2067 1593 aima?
2106 1519 2310 1613 idest,
2363 1519 2597 1614 magis
2648 1518 2900 1592 nititur
2955 1518 3215 1592 intelli·-

873 1663 1054 1738 gere
1078 1641 1118 1687 *
1150 1635 1221 1734 (¹)
1259 1643 1498 1737 ipsum
1534 1640 1846 1715 verbum
1867 1644 1900 1712 ‘l
1934 1640 2023 1713 Et
2062 1640 2253 1714 bene
2295 1639 2488 1732 dicit,
2524 1639 2700 1732 quia
2734 1646 3009 1732 quanto
3045 1637 3208 1731 quis

879 1761 1111 1858 magis
1162 1766 1474 1836 conatur
1523 1779 1975 1855 cognoscere
2010 1759 2251 1833 divina
2304 1757 2595 1851 eloquia
2645 1778 2776 1853 per
2826 1764 3001 1831 natu
3012 1756 3212 1850 ralia,

878 1887 1080 1954 tanto
1133 1879 1366 1975 magis
1416 1878 1886 1952 confunditur
1936 1878 2368 1976 ignorantia.
2404 1878 2492 1951 Et
2534 1876 2776 1950 subdit
2810 1876 3219 1971 responsio-

878 2020 1050 2075 nem
1101 1996 1448 2071 Beatricis
1498 1996 1589 2069 ad
1641 1996 1855 2071 istam
1907 1997 2326 2092 petitionem
2382 2017 2619 2090 suam,
2671 1997 2954 2071 dicens:
3008 1999 3214 2085 disse,

881 2118 1003 2191 illa
1052 2115 1372 2209 Beatrix,
1425 2116 1563 2188 hoc
1614 2115 1775 2189 ideo
1816 2116 2075 2190 accidit
2126 2116 2275 2209 tibi,
2304 2112 2563 2208 perche*
2614 2118 2935 2189 conosclai
2992 2116 3219 2205 quella

881 2238 1149 2325 scuola,
1188 2234 1393 2328 idest,
1439 2240 1826 2329 poetarum
1864 2240 1940 2309 et
1972 2234 2594 2330 philosophorum,
2622 2237 2812 2307 οἸιαί
2850 2236 3218 2326 sequitata,

885 2353 1292 2428 recedendo
1341 2374 1389 2426 a
1440 2373 1584 2445 me,
1639 2359 1720 2425 ut
1771 2354 1960 2428 bene
2009 2360 2363 2446 sequatur
2412 2353 2560 2447 tibi,
2596 2375 2634 2426 e
2666 2357 2868 2444 veyyi
2898 2374 3032 2426 sua
3064 2356 3220 2427 dot-

884 2479 1102 2567 crina,
1159 2474 1362 2566 idest,
1415 2472 1791 2548 scientiam
1844 2474 2202 2567 poeticam
2257 2480 2330 2548 et
2380 2474 2970 2568 philosophicam,
3029 2493 3221 2547 come

877 2596 1317 2688 po'sequitar
1341 2595 1415 2665 la
1440 2596 1584 2665 mia
1600 2598 1893 2685 parom,
1914 2593 2117 2687 idest,
2140 2614 2391 2668 meum
2422 2593 2621 2687 loqui
2648 2594 2999 2687 divinum,
3020 2591 3221 2688 quod

882 2715 1125 2790 differt
1155 2714 1252 2788 ab
1292 2714 1619 2788 humano
1654 2720 2017 2807 quantum
2051 2715 2324 2788 coelum
2358 2735 2407 2788 a
2441 2720 2675 2807 terra3
2728 2714 2922 2788 unde
2964 2712 3156 2806 dicit,
3183 2733 3222 2784 e

885 2839 1086 2928 veqyi
1119 2842 1359 2909 vostra
1412 2838 1555 2924 via,
1585 2833 1789 2927 idest,
1826 2854 2252 2929 processum
2306 2833 2625 2908 scientiae
2673 2834 3051 2926 naturaliS,
3102 2853 3221 2906 co-

881 2961 1075 3027 tanto
1106 2956 1361 3043 distar,
1396 2952 1601 3044 idest,
1635 2951 2093 3026 differentem
2121 2971 2303 3044 esse,
2339 2955 2538 3025 dalla
2560 2953 2828 3044 divina,
2869 2958 3132 3043 quanto
3165 2954 3221 3024 il

883 3077 1013 3148 ciel
1030 3076 1149 3147 clze
1166 3068 1288 3163 pin
1312 3074 1456 3144 alto
1475 3074 1756 3164 festina,
1784 3071 1991 3164 idest,
2023 3071 2347 3165 primum
2375 3071 2643 3146 mobile
2669 3071 2865 3165 quod
2893 3071 3218 3146 velocius

885 3198 1229 3266 movetur
1281 3191 1354 3264 in
1404 3211 1540 3265 sua
1593 3191 2071 3284 revolutione,
2122 3194 2185 3264 si
2231 3194 2564 3264 discorda
2611 3194 2708 3264 da
2753 3199 2975 3283 terra,
3012 3193 3218 3285 idest,

881 3313 1126 3388 differt
1150 3311 1224 3384 in
1250 3310 1627 3404 qualitate,
1656 3311 2064 3403 quantitate
2087 3317 2162 3385 et
2190 3319 2522 3385 motu.—
2543 3315 2825 3385 Ond’iO.
2851 3312 2983 3386 Hic
3008 3319 3222 3408 poeta

889 3431 1089 3526 ponit
1140 3429 1684 3524 responsionem
1736 3451 1952 3505 suam
1994 3430 2067 3503 in
2104 3451 2252 3524 qua
2287 3451 2422 3526 pro
2454 3431 2569 3505 sui
2602 3433 3076 3508 excusatione
3110 3432 3222 3506 vi-

889 3550 1106 3625 detur
1156 3569 1456 3644 negare,
1489 3550 1690 3643 quod
1732 3557 1980 3626 tamen
2020 3550 2177 3645 jam
2228 3550 2600 3625 confessus
2651 3557 2762 3625 est
2802 3573 3051 3647 supra,
3084 3552 3225 3627 soi-

890 3669 1076 3762 licet,
1128 3669 1326 3762 quod
1378 3690 1760 3762 nunquam
1813 3669 2136 3744 deseruit
2195 3669 2602 3745 Beatricem
2655 3675 2953 3764 propter
3002 3671 3218 3763 alias3

887 3789 1085 3866 uude
1131 3789 1348 3864 dicit:
1412 3791 1589 3864 Ond’
1612 3792 1683 3862 io
1730 3793 1991 3882 risposi
2037 3792 2147 3880 lei,
2196 3789 2493 3881 scilicet,
2532 3790 2877 3865 Beatrici:
2928 3812 3073 3865 non
3124 3794 3223 3865 mi

885 3912 1180 3986 rioorda
1227 3912 1332 3982 ch’
1357 3912 1427 3982 io
1476 3912 1845 3983 straviussi
1894 3929 2002 4004 me
2040 3911 2383 3999 qiammai
2429 3911 2527 3981 da
2575 3911 2710 4001 voi,
2743 3909 2956 4001 quasi
3009 3910 3222 4003 dicat,

886 4029 1039 4105 imo
1073 4050 1368 4125 semper
1401 4029 1625 4103 habui
1661 4028 2103 4125 theologiam
2130 4048 2265 4122 pro
2289 4027 2623 4102 nobiliori
2659 4027 2957 4104 scientia
2981 4030 3224 4104 omni-

883 4150 1024 4224 bus
1072 4148 1250 4241 aliis,
1302 4144 1393 4222 ne*
1434 4151 1663 4222 home
1711 4150 2098 4222 cosm‘enzia
2145 4149 2264 4221 che
2314 4151 2669 4240 rimorda,
2703 4148 2996 4244 scilicet,
3048 4169 3220 4224 me:

883 4273 999 4343 est
1046 4267 1244 4341 enim
1303 4268 1741 4343 conscientia
1793 4268 1913 4343 lex
1964 4266 2374 4342 intellectus
2422 4269 2653 4344 nostri
2717 4276 2793 4344 et
2858 4269 3224 4345 dictamen

1014 4525 1069 4593 (¹)
1101 4528 1174 4578 Le
1205 4527 1383 4591 parole
1418 4527 1496 4578 rra
1527 4528 1546 4577 i
1576 4528 1679 4579 due
1709 4528 1976 4579 asterischi
1995 4542 2124 4579 sono
2144 4528 2366 4593 supplice
2397 4530 2481 4581 dai
2508 4529 2688 4582 codici
2712 4529 3015 4582 Stroezlnm
3047 4543 3079 4580 e
3113 4535 3226 4585 ¹1⁷.
