3734 5567
831 452 970 520 138
1553 464 1960 521 comm‘rtm
2011 466 2448 521 PURGA'roRu

826 614 901 682 et
947 608 1137 682 vado
1187 608 1569 703 cantando,
1606 609 1793 684 sicut
1844 615 1918 684 et
1967 609 2113 704 alii,
2166 607 2291 704 qui
2334 616 2789 705 purgantur:
2849 613 3176 684 Consiros

827 730 956 821 vei,
997 727 1199 822 idest,
1237 728 1624 824 cogitando
1657 729 1874 823 vado,
1925 732 1998 802 la
2037 730 2363 822 passada
2405 731 2626 823 solor,
2677 729 2862 804 idest
2910 737 3176 825 praete-

829 847 1042 920 ritam
1093 846 1467 921 stultitiam
1520 847 1676 922 sive
1725 847 2037 922 solliam:
2076 854 2142 922 E
2172 850 2277 922 vei
2288 849 2600 939 jauzens
2633 852 2701 921 lo
2718 851 2836 940 joi
2867 852 3172 942 ch’esper

824 968 1086 1058 denan,
1137 966 1341 1062 idest,
1387 966 1598 1043 video
1636 968 1969 1065 gaudens
2018 969 2238 1064 diem,
2282 989 2505 1062 quem
2544 989 2759 1065 spero
2810 970 2886 1043 in
2934 976 3174 1063 antea,

825 1087 1010 1191 sicut
1053 1086 1119 1160 si
1162 1087 1319 1182 jam
1385 1095 1577 1161 esset
1638 1108 1891 1163 coram
1954 1108 2098 1163 me.
2161 1090 2251 1162 Et
2310 1090 2481 1164 facit
2545 1089 2998 1185 petitionem,
3067 1089 3178 1163 di-

828 1227 1038 1281 cens:
1091 1212 1248 1279 Ara
1296 1228 1378 1280 us
1421 1229 1591 1300 prec
1628 1230 1766 1301 per
1814 1212 2092 1300 aquella
2125 1212 2358 1300 valor,
2393 1209 2599 1303 idest,
2635 1231 2768 1301 vos
2808 1230 3073 1305 precor
3106 1217 3181 1284 et

830 1326 1091 1401 adiuro
1158 1347 1291 1422 per
1357 1326 1561 1401 illum
1627 1329 1984 1424 valorem,
2050 1329 2233 1404 idest
2282 1329 2674 1404 virtutem:
2736 1335 2880 1419 ραι»
2911 1332 3008 1421 ja
3055 1351 3180 1404 vos

827 1449 1046 1537 quida
1093 1450 1172 1520 al
1215 1468 1367 1521 som
1416 1450 1503 1521 de
1552 1451 1933 1541 reso-aliua,
1969 1449 2174 1544 idest,
2212 1450 2338 1545 qui
2390 1451 2598 1525 valor
2651 1471 2782 1527 vos
2831 1450 3033 1524 ducit
3083 1450 3178 1526 ad

831 1587 1210 1639 summum
1248 1567 1460 1640 scalae
1501 1569 1931 1664 purgatorii,
1970 1569 2043 1642 in
2076 1568 2290 1643 cuius
2346 1568 2489 1644 fine
2522 1589 2783 1643 sumus
2816 1569 3052 1664 positi,
3107 1575 3180 1645 et

832 1686 974 1760 cito
1025 1686 1462 1781 pervenietis
1511 1687 1604 1761 ad
1664 1689 1986 1784 coelum3
2049 1691 2417 1763 Souvenlta
2488 1711 2570 1763 us
2645 1696 3011 1781 atemprar
3061 1709 3181 1762 ma

832 1808 1065 1896 dolor,
1143 1805 1346 1900 idest,
1411 1806 1657 1881 veniat
1728 1808 1937 1882 vobis
2011 1808 2088 1881 in
2163 1816 2486 1884 mentem
2548 1816 2624 1883 et
2690 1808 3176 1883 recordamini

832 1927 978 2002 mei
1029 1947 1167 2000 suo
1217 1932 1573 2020 tempore,
1610 1932 1684 2001 et
1730 1928 2003 2002 doloris
2037 1928 2208 2024 mei,
2248 1929 2575 2025 rogando
2606 1930 2847 2004 Deum
2883 1950 3018 2025 pro
3056 1948 3177 2002 me

830 2046 1228 2138 modicum,
1282 2046 1469 2119 sicut
1520 2046 1771 2139 petivit
1820 2046 2057 2121 Guido
2108 2055 2281 2123 ante
2332 2069 2488 2124 me:
2534 2041 2742 2144 quasi
2777 2049 2966 2123 dicat
3006 2048 3175 2122 bre-

836 2165 1061 2239 viter:
1103 2164 1368 2237 Dicatis
1403 2165 1623 2240 etiam
1664 2187 1897 2239 unum
1933 2167 2164 2241 alium
2201 2174 2416 2242 Pater
2463 2177 2701 2243 noster
2743 2189 2877 2265 pro
2915 2189 3058 2261 me,
3094 2174 3178 2239 ut

835 2284 1212 2358 brevietur
1262 2305 1479 2378 poena
1530 2270 1736 2359 istius
1798 2285 2006 2382 ignis.
2060 2288 2150 2360 Et
2199 2289 2564 2363 concludit
2632 2294 2846 2384 poeta
2898 2294 2973 2362 et
3023 2286 3179 2360 finit

839 2404 1262 2500 capitulum,
1313 2403 1594 2480 dicens:
1649 2408 1781 2478 Poi
1826 2409 1885 2478 ,ς’
1912 2428 2151 2480 ascose
2215 2411 2329 2482 nel
2366 2413 2578 2504 suoco
2627 2413 2746 2483 che
2793 2412 2893 2500 912·
2941 2410 3179 2500 affina,

839 2527 1025 2600 sicut
1073 2545 1350 2599 aurum
1400 2525 1753 2599 affinatur
1802 2526 1877 2599 in
1930 2526 2248 2603 fornace.
2287 2530 2376 2603 Et
2409 2530 2701 2607 videtur
2736 2529 2933 2624 quod
2968 2534 3182 2623 poeta

840 2652 1088 2720 noster
1136 2644 1442 2720 inseruit
1491 2646 1607 2720 hic
1666 2646 1801 2721 ista
1865 2647 2093 2723 verba
2153 2649 2620 2745 provincialia
2681 2650 2773 2724 a'd
2834 2649 3179 2724 decorem

840 2765 1227 2861 latinitati5‚
1264 2771 1339 2840 et
1375 2771 1455 2839 ut
1487 2766 1909 2841 ostenderet
1944 2788 2024 2843 se
2056 2768 2150 2843 de
2182 2770 2528 2844 omnibus
2560 2770 2832 2865 aliquid
2867 2769 3177 2844 scivisse.
