3734 5567
906 472 1050 540 304
1688 489 2102 546 commum
2149 492 2481 545 PAnAmsl

903 631 1294 728 praemium
1335 630 1714 727 magnum,
1737 632 2008 708 scilicet
2031 627 2130 728 (¹),
2153 635 2755 732 propagationem
2789 637 3044 733 gloriae
3069 659 3246 733 suae,

903 753 1195 828 dicens:
1258 757 1320 826 0
1368 755 1609 826 divina
1658 749 1884 847 virtu,-
1933 754 2136 849 idest,
2174 776 2221 829 o
2271 756 2550 852 Apollo,
2602 756 2814 831 cuius
2864 758 3100 832 virtus
3140 765 3251 833 est

901 874 1132 947 multa
1184 879 1259 946 et
1310 871 1714 967 multiplex,
1766 880 1852 946 ut
1894 875 2053 969 jam
2106 875 2381 949 dictum
2427 882 2538 950 est
2572 882 2645 951 et
2685 876 3006 972 dicetur3
3040 900 3117 951 se
3153 881 3251 953 mi

898 996 949 1067 ti
969 996 1218 1087 presci,
1254 991 1545 1086 scilicet,
1579 999 1728 1067 tam
1757 993 2231 1069 favorabilem
2261 1002 2345 1069 ut
2371 996 2635 1091 possim
2665 996 3023 1092 perficere
3056 997 3246 1072 istud

896 1134 1193 1188 sacrum
1243 1133 1452 1208 opuS,
1508 1119 1699 1186 tanto
1747 1115 1850 1186 ch’
1876 1116 1948 1186 io
2000 1118 2371 1209 manifesti,
2423 1117 2629 1211 idest,
2670 1117 3028 1213 explicem
3064 1118 3247 1194 scri-

896 1240 1137 1330 ptura,
1192 1237 1236 1306 l'
1261 1234 1512 1306 ombra
1562 1235 1677 1307 del
1721 1239 1839 1306 tuo
1899 1256 2149 1328 regma,
2215 1236 2509 1330 scilicet,
2579 1236 2930 1331 coelestis;
2984 1245 3060 1312 et
3110 1259 3245 1313 no-

897 1359 1138 1428 tanter
1188 1353 1358 1427 dicit
1410 1352 1778 1446 umbram,
1823 1354 1996 1447 quia
2032 1374 2286 1429 veram
2325 1355 2714 1430 essentiam
2751 1376 2888 1430 nec
2930 1357 3062 1431 scit
3101 1378 3240 1433 nec

896 1479 1133 1570 potest
1170 1474 1474 1566 referre,
1508 1480 1805 1563 sagmata
1847 1476 1965 1546 nel
2010 1477 2149 1546 mio
2197 1495 2403 1568 cap0,
2446 1474 2649 1570 idest,
2686 1475 3121 1572 descriptam
3166 1479 3242 1552 in

896 1614 1064 1669 mea
1100 1592 1509 1668 memoriali
1536 1593 1820 1684 cellula,
1849 1596 2192 1667 vedra'mi
2222 1598 2456 1668 venire
2486 1598 2567 1668 al
2575 1592 2701 1688 pie*
2724 1598 2843 1669 del
2870 1604 2988 1670 luo
3012 1600 3242 1671 dilecto

896 1716 1126 1805 leym,
1179 1713 1386 1806 idest,
1437 1711 1634 1807 apud
1684 1713 2029 1787 arborem
2084 1713 2407 1807 laurum,
2459 1736 2687 1808 quam
2739 1716 2959 1811 paulo
3019 1738 3240 1812 supra

894 1834 1184 1909 vocavit
1217 1839 1578 1907 amatam:
1617 1839 1691 1907 et
1727 1835 1946 1928 paulo
1981 1838 2142 1928 post
2181 1833 2373 1908 dicet
2397 1835 2769 1929 quomodo
2812 1837 2972 1911 haec
3010 1837 3237 1912 arbor

894 1955 1114 2028 fuerit
1162 1953 1420 2027 dilecta
1473 1953 1803 2049 Apollini,
1858 1975 1897 2026 e
1944 1957 2358 2028 coronarmi
2405 1957 2579 2030 delle
2629 1959 2872 2049 soylie,
2925 1956 3113 2032 sicut
3156 1965 3236 2031 tu

898 2080 973 2148 te
1023 2073 1391 2148 coronasti
1442 2080 1515 2148 et
1565 2073 1840 2147 ornasti
1894 2073 2271 2148 frondibus
2306 2075 2517 2149 lauri.
2553 2076 2707 2150 Hoc
2739 2082 2988 2151 autem
3033 2085 3241 2173 opta-

900 2192 1026 2266 bat
1067 2200 1282 2286 poeta
1334 2193 1580 2267 facere
1614 2193 1686 2265 in
1705 2193 2086 2292 Florentia
2118 2195 2307 2269 sicut
2346 2196 2500 2290 ipse
2560 2196 2789 2293 tangit
2838 2217 2991 2271 uno
3041 2199 3239 2293 capi-

896 2312 1059 2385 tulo
1108 2312 1272 2385 libri
1323 2312 1541 2386 huius
1592 2312 1808 2406 tertii,
1861 2315 2005 2402 che,
2057 2313 2260 2408 idest,
2313 2315 2601 2410 quibuS,
2638 2318 2711 2388 la
2752 2320 3052 2389 materia
3091 2339 3130 2389 e
3169 2325 3238 2392 tu

897 2433 994 2503 mi
1033 2421 1210 2525 sard
1257 2433 1511 2523 dequo,
1564 2431 1776 2526 quasi
1825 2431 2039 2527 dicat,
2091 2455 2318 2529 opera
2369 2456 2538 2511 mea
2588 2436 2719 2531 qui
2749 2428 2819 2529 (²)
2876 2439 3238 2533 assumpsi

891 2556 1042 2624 tam
1089 2550 1402 2625 nobilem
1444 2553 1828 2626 materiam
1867 2558 1941 2627 et
1991 2554 2228 2650 gratia
2262 2561 2392 2629 tua
2426 2555 2640 2630 faciet
2679 2577 2803 2631 me
2843 2558 3229 2652 meritum3

890 2670 1102 2764 quasi
1148 2670 1360 2764 dicat,
1398 2671 1458 2744 si
1498 2671 1757 2746 feceris
1810 2673 1989 2746 mihi
2025 2673 2236 2746 istam
2265 2663 2340 2765 (³)
2375 2675 2715 2770 gratiam,
2753 2696 2894 2773 ego
2931 2677 3233 2752 reddam

891 2788 1017 2863 tibi
1068 2791 1257 2864 hanc
1287 2779 1359 2882 (⁴)
1415 2792 1750 2887 gloriam,
1787 2792 1985 2886 quod
2026 2813 2400 2866 assumam
2447 2794 2691 2868 statim
2738 2795 3069 2870 lauream
3106 2816 3236 2871 co·

892 2929 1149 2985 ronam
1202 2932 1428 3005 quam
1484 2912 1727 2986 nullus
1768 2913 1929 3007 jam
1980 2933 2112 3007 per
2163 2920 2269 2987 tot
2321 2914 2589 2989 saecula
2635 2935 3001 2989 annorum
3055 2937 3235 2991 con-

889 3038 1186 3106 secutus
1236 3038 1363 3106 est.
1396 3025 1593 3106 —si
1638 3036 1820 3106 rade
1868 3036 2066 3122 volte.
2133 3033 2263 3108 Hic
2331 3034 2602 3129 Dantes
2666 3043 2957 3131 sumpta
3019 3058 3236 3112 occa-

889 3150 1092 3224 sione
1152 3170 1246 3225 ex
1303 3152 1511 3225 dictis
1569 3152 1737 3226 facit
1794 3152 2270 3247 justissimam
2339 3156 2717 3248 querelam
2782 3155 2874 3231 de
2945 3156 3233 3253 ignavia

891 3268 1441 3363 modernorum,
1472 3291 1794 3364 quorum
1827 3273 2076 3346 nullus
2111 3274 2416 3369 porrigit
2451 3295 2752 3348 manum
2781 3276 2875 3350 ad
2909 3275 3231 3372 laurum,

886 3409 1035 3463 non
1085 3389 1438 3485 princepS‚
1490 3411 1639 3464 non
1688 3398 1925 3486 poeta.
1983 3393 2168 3467 Dicit
2219 3414 2399 3489 ergo
2462 3394 2924 3491 indignanter
2974 3403 3049 3471 et
3099 3397 3236 3481 do-

886 3509 1159 3583 lenter:
1214 3529 1258 3580 ο
1301 3512 1556 3601 padre,
1607 3511 1901 3606 scilicet,
1955 3513 2229 3607 Apollo,
2282 3514 2407 3607 qui
2460 3521 2572 3588 est
2621 3535 2938 3611 magnus
2998 3522 3234 3611 pater,

887 3627 980 3702 de
1032 3635 1181 3722 quo
1231 3628 1399 3703 dicit
1449 3629 1766 3724 capitulo
1816 3632 2039 3706 huius
2090 3633 2253 3706 libri
2317 3634 2532 3729 tertii,
2584 3637 2765 3709 colui
2822 3637 2941 3708 che
3002 3638 3235 3728 padre

887 3751 956 3822 α’
983 3751 1152 3839 oym'
1183 3752 1445 3822 morial
1483 3752 1665 3823 vita:
1697 3743 1757 3822 εὶ
1791 3755 1972 3825 rade
2006 3755 2184 3826 volte
2216 3775 2290 3826 se
2322 3741 2411 3826 ne
2441 3757 2684 3847 coylie,
2724 3754 2817 3828 de
2851 3754 3233 3828 frondibus

885 3869 1098 3962 lauri,
1139 3891 1277 3962 per
1325 3872 1674 3962 monsare
1729 3874 2008 3965 Cesare,
2067 3874 2194 3966 qui
2244 3871 2339 3947 de
2400 3864 2648 3946 multis
2709 3873 2915 3947 bellis
2977 3872 3232 3947 claris-

883 3990 1067 4065 sime
1103 3990 1594 4084 triumphavit.
1626 3991 1853 4066 Vocat
1887 3999 2141 4066 autem
2181 4013 2480 4067 omnem
2518 3993 3043 4088 imperatorem
3069 3992 3232 4066 Cae-

884 4131 1126 4185 sarem
1180 4110 1273 4183 ab
1326 4110 1478 4205 ipso
1539 4111 1828 4186 Caesare
1889 4112 2149 4207 prim0,
2215 4112 2404 4187 sicut
2454 4115 2710 4187 volunt
2763 4114 2919 4187 fere
2971 4133 3232 4187 omnes

887 4237 1185 4302 autores
1235 4230 1579 4325 gentiles;
1616 4230 1742 4304 sed
1776 4231 2146 4305 christiani
2180 4231 2432 4306 dicunt
2473 4233 2682 4328 quasi
2731 4253 2990 4308 omnes
3030 4232 3229 4327 quod

886 4347 1279 4442 imperium
1331 4349 1547 4443 coepit
1597 4350 1692 4423 ab
1744 4350 2100 4447 AugustO,
2138 4352 2310 4445 quia
2355 4354 2517 4447 plus
2566 4353 2776 4427 auxit
2826 4354 3231 4448 rempubli-

1006 4534 1060 4595 (¹)
1093 4533 1154 4583 E.
1188 4532 1401 4592 scilicet,
1433 4546 1499 4584 ex
1531 4537 1916 4598 propagatione.
2290 4537 2343 4598 (ἢ
2376 4538 2437 4588 Ε.
2472 4540 2609 4602 quia.

1004 4608 1058 4669 (⁸)
1093 4610 1153 4659 E·
1188 4611 1337 4660 hanc·
2291 4614 2345 4673 (⁸)
2379 4615 2440 4664 E.
2474 4617 2642 4667 istam.
