3734 5567
873 486 1012 552 144
1585 497 1996 554 COMENTUM
2044 500 2492 555 PURGATonn
2617 453 2627 460 ²

864 641 1087 717 bilem
1142 641 1232 716 ad
1285 641 1530 716 omnia
1573 643 1732 737 jam
1796 643 2011 737 dicta,
2064 645 2340 718 turbato
2403 665 2500 716 zm
2561 662 2768 736 poco,
2821 665 3033 721 more
3096 667 3213 720 sa-

861 761 1144 856 pientiS‚
1196 764 1414 836 disse.-
1463 782 1634 837 cum
1689 763 1986 857 aliquali
2037 764 2570 862 indignatione:
2619 785 2708 837 or
2760 769 2941 855 vedi,
2985 770 3211 860 fi91i0,

866 889 981 954 tra
1031 885 1351 955 Beatrice
1399 905 1438 955 e
1486 890 1549 955 te
1597 879 1639 957 e*
1683 891 1920 976 questo
1969 906 2201 978 mum,
2260 885 2471 978 quasi
2521 884 2735 980 dicat,
2772 885 2961 962 inter
3015 895 3088 962 te
3138 896 3212 963 et

862 1001 1390 1077 beatitudinem
1423 997 1497 1094 (¹)
1549 1009 1659 1076 est
1710 1002 1845 1078 iste
1896 1025 2170 1100 parvus
2216 1025 2480 1078 murus
2514 1004 2811 1101 igneus3
2850 1006 3061 1101 quasi
3102 1007 3211 1082 di-

701 1128 716 1139 ’
861 1129 1015 1197 cat:
1071 1122 1257 1217 vide,
1308 1123 1499 1197 bone
1551 1122 1673 1216 fili,
1723 1124 1782 1196 si
1833 1145 1970 1220 pro
2020 1123 2451 1200 brevissima
2501 1145 2719 1219 poena
2779 1125 2959 1200 velis
3010 1146 3208 1201 nunc

861 1221 1173 1338 perdere
1234 1248 1340 1316 tot
1390 1242 1677 1317 labores
1729 1250 1804 1318 et
1853 1243 2185 1339 sudoreS,
2245 1265 2432 1338 quos
2494 1245 2715 1319 tulisti
2774 1266 2908 1341 per
2970 1252 3208 1320 totum

862 1361 1235 1437 infernum
1303 1369 1378 1438 et
1442 1365 1980 1459 purgatorium.
2011 1406 2110 1419 —
2144 1370 2367 1439 Come.
2432 1365 2562 1439 Hic
2622 1373 2839 1460 poeta
2897 1365 3210 1441 ostendit

863 1482 1236 1576 quomodo
1299 1482 1538 1557 victus
1589 1483 1681 1560 sit
1739 1483 1911 1559 forti
1961 1492 2407 1581 argumento
2457 1483 2731 1582 Virgilii
2793 1506 2927 1581 per
2985 1505 3210 1559 unam

852 1601 1452 1696 jocundissimam
1493 1603 2143 1697 comparationem.
2180 1604 2288 1678 Ad
2322 1603 2535 1678 cuius
2569 1604 3061 1700 cognitionem
3099 1611 3208 1678 est

861 1720 1101 1817 primo
1140 1721 1516 1796 sciendum
1554 1722 1754 1814 quod
1789 1723 1966 1796 olim
2001 1723 2075 1796 in
2121 1744 2392 1819 magna
2442 1724 2836 1821 Babylonia
2888 1724 3205 1819 assyrio-

862 1861 1034 1914 rum
1070 1840 1204 1914 fuit
1235 1841 1479 1937 puella
1513 1843 1963 1937 pulcerrima
2014 1844 2313 1919 nomine
2345 1845 2580 1939 Tysbe
2614 1844 2848 1919 vicina
2884 1846 3202 1941 Pyramo

860 1982 1208 2036 amoroso
1265 1961 1525 2056 juveni
1589 1963 2067 2059 contiguitate
2137 1965 2448 2058 domus3
2513 1966 2638 2060 qui
2700 1948 2983 2041 ratione
3033 1965 3210 2041 vici-

861 2081 1003 2155 niae
1053 2080 1472 2155 habuerunt
1522 2103 1568 2156 a
1619 2084 1891 2157 teneris
1923 2085 2131 2158 annis
2182 2085 2614 2160 familiarem
2639 2077 2713 2178 (²)
2755 2092 2827 2160 et
2859 2086 3200 2160 blandam

862 2200 1494 2276 conversationem
1546 2201 1640 2275 ad
1690 2202 2028 2278 invicem.
2080 2205 2277 2279 Inter
2328 2226 2513 2299 quos
2564 2213 2938 2281 crescente
2990 2211 3207 2279 aetate

860 2319 1091 2393 crevit
1141 2319 1440 2394 flamma
1501 2322 1775 2395 amoris
1825 2321 2219 2399 incendens
2268 2345 2532 2399 eorum
2586 2324 3026 2419 praecordia3
3074 2323 3200 2399 sed

865 2441 1209 2535 exigente
1272 2447 1488 2515 aetate
1536 2440 1786 2517 adulta
1837 2443 2073 2539 Tysbe
2122 2466 2168 2519 a
2218 2446 2644 2541 parentibus
2695 2445 2915 2541 coepit
2966 2443 3205 2520 teneri

861 2561 1052 2634 intra
1102 2559 1407 2633 domum
1460 2567 1665 2635 tanto
1718 2563 1979 2638 maiori
2032 2564 2169 2638 sub
2221 2565 2572 2659 custodia,
2607 2571 2885 2659 quanto
2928 2564 3203 2638 formo·

860 2679 1010 2754 sior
1059 2686 1241 2754 erat.
1306 2678 1517 2767 Quod
1569 2682 1877 2757 moleste
1943 2682 2260 2758 ferentes
2320 2690 2660 2778 uterque,
2700 2704 2974 2759 amore
3040 2705 3200 2758 ma-

857 2799 1109 2895 gistro,
1154 2799 1594 2873 invenerunt
1634 2800 2009 2896 rimulam,
2045 2803 2118 2876 in
2159 2804 2535 2878 communi
2588 2803 2867 2898 pariete
2915 2803 2990 2876 in
3039 2804 3201 2876 loco

856 2918 1274 2993 abscondito
1323 2938 1457 3013 per
1506 2940 1732 3013 quam
1786 2929 2052 2997 mutua
2101 2930 2298 3016 vota,
2349 2923 2658 3017 suspiria
2723 2930 2799 2998 et
2855 2921 3197 3018 supplicia

854 3039 1129 3113 amoris
1179 3038 1345 3112 hinc
1394 3037 1563 3113 inde
1611 3040 2045 3134 pandebant.
2090 3042 2415 3117 Tandem
2458 3043 3009 3137 prohibentibus
3042 3043 3201 3116 illos

854 3160 1019 3254 lege
1069 3159 1421 3254 copulari,
1481 3160 2089 3256 excogitaverunt
2149 3163 2425 3258 locum,
2481 3163 2604 3237 ubi
2675 3185 2885 3241 more
2942 3185 3203 3239 aman-

853 3278 1037 3352 tium
1091 3283 1386 3373 possent
1435 3277 1591 3352 sine
1643 3280 1888 3354 medio
1939 3288 2013 3356 et
2063 3282 2312 3357 animo
2363 3289 2439 3357 et
2488 3303 2801 3378 corpore
2835 3283 3202 3359 coniuncti

854 3397 1013 3472 fieri
1064 3397 1279 3472 idem.
1333 3396 1591 3490 Itaque
1642 3398 1812 3472 dato
1861 3399 2118 3475 ordine
2179 3408 2266 3475 ut
2330 3402 2423 3476 de
2490 3408 2707 3479 nocte
2757 3404 3201 3479 clandestine

855 3517 1132 3615 egressi
1180 3518 1487 3592 domum
1538 3525 1613 3592 et
1665 3518 1927 3594 urbem
1984 3521 2462 3597 convenirent
2512 3523 2586 3597 in
2646 3544 2955 3599 nemore
3005 3525 3201 3620 apud

855 3638 1130 3713 sontem
1173 3637 1495 3712 vicinum
1531 3639 1868 3733 sepulcro
1905 3640 2099 3737 regis
2132 3641 2317 3734 Nini,
2362 3641 2487 3715 ubi
2523 3643 2711 3717 alter
2745 3645 3200 3739 praeveniens

853 3759 1171 3834 alterum
1225 3765 1667 3853 expectaret.
1705 3760 1943 3856 Tysbe
1988 3760 2363 3836 ardentior
2412 3760 2650 3857 prima
2702 3762 2901 3838 venit
2947 3761 3040 3836 ad
3089 3762 3199 3837 lo-

853 3901 1051 3976 cum,
1103 3888 1178 3955 et
1227 3880 1325 3954 ibi
1374 3879 1651 3954 solicite
1702 3887 2097 3977 expectans
2149 3881 2304 3956 visa
2357 3883 2590 3956 leaena
2642 3903 2811 3976 quae
2860 3881 3199 3957 veniebat

851 4001 944 4076 ad
984 4022 1257 4096 aquam
1296 4000 1391 4076 ad
1425 4001 1999 4098 extinguendam
2035 4001 2226 4075 sitim
2265 4001 2546 4098 trepide
2579 4002 2865 4099 fugiens
2906 4003 3201 4100 delapso

825 4121 1143 4216 palliolo
1194 4121 1407 4194 latuit
1457 4127 1618 4216 post
1668 4121 2113 4216 sepulcrum.
2160 4122 2422 4196 Leoena
2467 4122 2766 4217 pallium
2818 4122 3201 4197 inventum

858 4259 991 4314 ore
1016 4251 1091 4317 et
1118 4240 1487 4336 unguibus
1512 4242 1847 4316 lacerans
1875 4240 2270 4315 maculavit
2305 4242 2665 4338 sanguine
2698 4263 2941 4318 cervae
2977 4264 3201 4351 quam

857 4359 1077 4454 paulo
1127 4366 1300 4434 ante
1348 4367 1761 4435 voraverat.
1798 4360 1886 4433 Et
1935 4380 2110 4435 ecce
2160 4361 2525 4457 Pyramus
2574 4362 2852 4437 tardior
2911 4363 3204 4439 devenit

976 4615 1034 4681 (¹)
1067 4617 1128 4669 E.
1159 4617 1463 4672 Beatrioem.
1964 4619 2017 4681 (‘)
2050 4620 2111 4671 E.
2143 4620 2563 4674 familiaritatem.
