3734 5567
1183 506 1462 562 CANTUS
1512 509 1897 564 vlensmus
1946 508 2331 565 SECUNDUS.
2827 502 2918 568 29

579 650 924 746 expendit
957 652 1120 747 plus
1153 672 1379 745 quam
1417 658 1686 727 natura
1724 659 1951 748 petat,
1982 655 2146 749 plus
2181 674 2406 747 quam
2450 655 2743 731 fortuna
2781 659 2920 731 mi-

578 769 856 864 nistret,
910 770 1080 845 facit
1129 770 1272 845 cito
1321 770 1415 846 de
1475 772 1690 865 pleno
1748 793 2097 866 vacuum,
2149 773 2241 847 de
2299 772 2491 848 dulci
2550 796 2919 872 amarum,

576 889 671 965 de
721 891 887 965 luce
937 892 1202 984 lutum,
1238 890 1331 965 de
1381 891 1670 965 Caesare
1703 891 2051 985 Codrum,
2100 893 2194 968 de
2233 893 2451 967 laude
2502 894 2923 992 ludibrium,

578 1009 671 1085 de
731 1012 966 1086 multo
1035 1011 1231 1084 nihil.
1295 1010 1412 1084 Sic
1443 1005 1515 1103 (¹)
1579 1011 1884 1108 prodiga
1949 1033 2213 1086 manus
2275 1012 2662 1109 prodigum
2717 1014 2922 1109 sacit3

581 1150 748 1203 nam
802 1130 947 1203 cito
983 1129 1218 1204 reddit
1251 1150 1331 1204 se
1364 1118 1979 1225 conte'lnptibilem
2018 1132 2153 1205 illis
2194 1133 2460 1226 quibus
2499 1135 2718 1228 paulo
2751 1142 2922 1210 ante

577 1249 1011 1324 venerabilis
1062 1249 1469 1343 videbatur,
1513 1256 1587 1325 et
1635 1250 1833 1325 dolet
1884 1251 2222 1327 dextram
2276 1254 2471 1329 male
2519 1254 2919 1350 providisse

580 1368 927 1463 sinistrae3
978 1369 1187 1444 tarde
1227 1369 1551 1464 poenitet,
1589 1369 1740 1444 imo
1788 1372 1986 1464 quod
2021 1379 2132 1446 est
2166 1373 2569 1448 mirabilius
2602 1382 2676 1450 et
2710 1376 2920 1449 dam-

582 1488 911 1582 nabiliuS‚
972 1490 1031 1563 si
1096 1489 1389 1563 fortuna
1459 1490 1645 1563 redit
1694 1491 1924 1564 nescit
1977 1511 2330 1568 revocare
2392 1515 2698 1569 manum
2764 1516 2915 1588 qua

579 1608 911 1682 licentius
961 1614 1448 1683 consueverat
1499 1609 1624 1681 uti.
1679 1610 1913 1683 Huius
1960 1610 2108 1684 vitii
2145 1611 2629 1707 principatum
2687 1614 2916 1688 tenuit

577 1727 1010 1822 Alexander,
1052 1728 1172 1802 cui
1208 1728 1781 1803 innumerabiles
1820 1729 2073 1804 mundi
2109 1736 2353 1824 partes
2394 1751 2539 1805 non
2592 1732 2918 1807 suffecis-

578 1854 759 1942 sent,
814 1853 898 1920 ut
950 1849 1141 1922 male
1191 1849 1532 1942 perderet
1583 1869 1862 1923 omnes,
1916 1848 2105 1937 Quid
2165 1850 2407 1925 Nero?
2457 1851 2634 1945 quid
2697 1852 2914 1927 Caius

577 1967 953 2064 Caligula?
1003 1968 1178 2061 quid
1227 1967 1629 2043 Antonius?
1667 1970 1727 2043 Ο
1767 1977 1948 2063 quot
1983 1968 2178 2043 viros
2217 1970 2540 2045 valentes
2580 1971 2773 2047 istud
2806 1973 2917 2046 vi-

579 2086 763 2160 tium
815 2086 1117 2161 deduxit
1167 2087 1239 2159 in
1294 2087 1569 2161 rabiem
1625 2094 1701 2162 et
1749 2087 2364 2184 desperationem!
2416 2090 2503 2163 Et
2552 2091 2917 2166 concludit

581 2206 900 2281 Statius:
951 2199 1133 2300 perd
1180 2210 1238 2280 ε’
1261 2210 1333 2280 io
1380 2228 1512 2280 son
1562 2214 1678 2280 tra
1729 2210 1957 2304 quella
2017 2216 2215 2298 yeme
2262 2215 2446 2282 stato
2495 2212 2615 2283 che
2656 2213 2918 2303 pianye

581 2327 626 2399 ἴ
654 2330 1009 2418 avarizia,
1046 2347 1183 2419 per
1224 2330 1628 2418 puryarmi,
1670 2326 1728 2400 si
1782 2333 2174 2421 paupertas
2226 2348 2372 2401 non
2424 2329 2596 2403 satis
2645 2330 2918 2405 fecerat

582 2448 654 2520 in
706 2466 831 2521 me
880 2446 1267 2520 vindictam
1323 2445 1543 2519 huius
1592 2445 1977 2520 inconsulti
2034 2445 2208 2540 vitii,
2249 2468 2387 2539 per
2436 2451 2507 2522 lo
2555 2453 2917 2522 contrario

579 2588 705 2640 suo
754 2570 844 2640 m'
870 2560 909 2639 ὀ
950 2570 1372 2658 incontrato,
1423 2566 1715 2660 scilicet,
1751 2571 2051 2661 propter
2092 2567 2698 2663 prodigalitatem,
2749 2589 2918 2663 quae

579 2694 689 2761 est
738 2687 1106 2761 contraria
1157 2685 1504 2779 avaritiae,
1557 2691 1632 2760 et
1680 2685 1991 2760 destruit
2039 2706 2331 2781 semper
2382 2707 2571 2761 eam.

735 2811 840 2880 Or
872 2810 1155 2899 quando
1190 2815 1259 2880 tu
1293 2810 1608 2880 cantasti.
1645 2808 1786 2880 Ista
1821 2813 1932 2881 est
1965 2806 2283 2880 secunda
2336 2828 2506 2902 pars
2556 2808 2918 2902 principa-

579 2928 685 3021 lis,
739 2928 812 3001 in
864 2949 1011 3022 qua
1076 2932 1291 3022 poeta
1353 2925 1664 3001 ostendit
1712 2925 2029 3019 qualiter
2079 2924 2350 3000 Statius
2406 2927 2813 3000 narraverit
2840 2918 2916 3018 (²)

577 3047 872 3143 Virgilio
925 3067 1224 3121 causam
1281 3066 1435 3120 suae
1468 3044 1964 3120 conversionis
2012 3045 2106 3118 ad
2157 3044 2401 3138 fidem,
2434 3044 2528 3118 de
2569 3065 2718 3138 quo
2754 3044 2919 3118 Vir-

575 3168 791 3265 gilius
841 3167 1250 3241 mirabatur
1299 3186 1471 3240 cum
1526 3165 1862 3241 videatur
1924 3165 2124 3258 loqui
2185 3164 2535 3260 paganice
2595 3164 2668 3237 in
2719 3164 2919 3239 libris

578 3289 748 3362 51115.
800 3288 888 3361 Et
951 3286 1045 3360 ad
1106 3285 1647 3382 intelligendam
1718 3285 1932 3380 plene
1997 3284 2283 3358 literam
2354 3284 2566 3358 istam
2628 3291 2917 3379 oportet

579 3409 920 3506 colligere
989 3406 1393 3482 summarie
1459 3426 1712 3480 casum
1780 3404 2079 3480 infelicis
2151 3405 2477 3479 Jocastae.
2549 3404 2673 3478 Est
2737 3424 2918 3500 ergo

579 3528 979 3620 sciendum,
1031 3527 1217 3601 sicut
1268 3532 1502 3619 potest
1554 3524 1804 3599 haberi
1860 3544 1952 3599 ex
2006 3523 2234 3598 Statio
2270 3524 2341 3596 in
2380 3523 2638 3598 maiori
2675 3530 2750 3600 et
2782 3522 2917 3598 Se-

580 3667 761 3723 neca
813 3645 1172 3742 tragoedo‚
1223 3645 1505 3719 Jocasta
1541 3635 1616 3735 (⁸)
1686 3642 1944 3718 nobilis
2005 3642 2259 3738 regina
2323 3642 2459 3716 fuit
2510 3664 2704 3717 uxor
2765 3641 2915 3717 Laii

578 3767 774 3865 regis
812 3766 1268 3859 Thebarum3
1306 3784 1474 3857 quae
1507 3765 1684 3838 dum
1720 3763 2168 3859 concepisset
2204 3783 2296 3837 ex
2332 3783 2447 3856 e0,
2482 3762 2702 3836 Laius
2735 3782 2917 3836 con-

580 3887 804 3962 suluit
854 3886 1254 3981 Apollinem
1307 3884 1399 3959 de
1446 3885 1652 3978 prole
1686 3883 2094 3976 nascitura;
2130 3888 2205 3957 et
2237 3881 2488 3955 audito
2520 3880 2720 3973 quod
2754 3888 2917 3954 erat

578 4005 1017 4083 occidendus
1064 4025 1291 4079 manu
1337 4002 1480 4097 filii,
1526 4002 1768 4075 statim
1824 4001 2195 4075 mandavit
2245 4005 2541 4096 partum
2576 3997 2789 4072 abiici
2824 3998 2914 4073 ad

574 4127 803 4220 feras3
854 4125 980 4199 sed
1029 4125 1315 4198 Jocasta
1361 4141 1677 4216 puerum
1732 4126 1988 4195 natum
2030 4120 2316 4194 tradidit
2349 4117 2642 4195 cuidam
2677 4120 2914 4193 Phor-

577 4247 771 4321 banti
823 4244 1095 4342 pastori
1148 4243 1363 4340 regiS,
1415 4241 1541 4336 qui
1602 4240 2054 4336 compatiens
2115 4240 2306 4314 aetati
2369 4239 2803 4334 temperavit
2836 4229 2910 4331 (⁴)

578 4366 1005 4442 mandatum
1062 4364 1287 4460 regis3
1331 4383 1506 4436 nam
1541 4360 1928 4456 perforatis
1961 4359 2267 4455 pedibus
2302 4358 2676 4453 suspendit
2712 4357 2915 4431 illum

702 4551 758 4614 (¹)
792 4555 897 4611 117,
929 4550 1014 4601 Sic
1044 4550 1185 4614 qnod
1217 4549 1447 4614 prodiga.
1824 4545 1881 4608 (¹)
1913 4545 1976 4596 E.
2006 4558 2038 4596 e
2069 4544 2122 4596 S.
2155 4544 2403 4595 narravit.

702 4627 758 4691 (⁸)
790 4627 850 4676 E.
880 4626 1021 4690 quod
1051 4626 1272 4677 locuta.
1828 4620 1882 4682 (⁵)
1914 4622 1976 4672 E.
2010 4622 2184 4685 paruit
2213 4620 2455 4672 mandato
2489 4618 2639 4682 regis.
