<?xml version="1.0" encoding="UTF-8"?>
<!DOCTYPE html PUBLIC "-//W3C//DTD XHTML 1.0 Transitional//EN"
    "http://www.w3.org/TR/xhtml1/DTD/xhtml1-transitional.dtd">
<html xmlns="http://www.w3.org/1999/xhtml" xml:lang="en" lang="en">
 <head>
  <title>
</title>
<meta http-equiv="Content-Type" content="text/html;charset=utf-8" />
  <meta name='ocr-system' content='tesseract 3.04.00' />
  <meta name='ocr-capabilities' content='ocr_page ocr_carea ocr_par ocr_line ocrx_word'/>
</head>
<body>
  <div class='ocr_page' id='page_1' title='image "benevenutideram02lacagoog_0511.png"; bbox 0 0 3734 5567; ppageno 0'>
   <div class='ocr_carea' id='block_1_1' title="bbox 1349 501 2862 569">
    <p class='ocr_par' dir='ltr' id='par_1_1' title="bbox 1349 501 2862 569">
     <span class='ocr_line' id='line_1_1' title="bbox 1349 501 2862 569; baseline 0.001 -3"><span class='ocrx_word' id='word_1_1' title='bbox 1349 509 1627 569; x_wconf 73' lang='lat' dir='ltr'>CAN&#39;rus</span> <span class='ocrx_word' id='word_1_2' title='bbox 1675 512 2016 568; x_wconf 73' lang='lat' dir='ltr'>ocTAvus.</span> <span class='ocrx_word' id='word_1_3' title='bbox 2728 501 2862 568; x_wconf 79' lang='lat'>501</span> 
     </span>
    </p>
   </div>
   <div class='ocr_carea' id='block_1_2' title="bbox 516 655 2876 1595">
    <p class='ocr_par' dir='ltr' id='par_1_2' title="bbox 516 655 2876 1595">
     <span class='ocr_line' id='line_1_2' title="bbox 516 655 2872 753; baseline -0.001 -19"><span class='ocrx_word' id='word_1_4' title='bbox 516 680 740 752; x_wconf 59' lang='lat' dir='ltr'>seme-‚-</span> <span class='ocrx_word' id='word_1_5' title='bbox 767 655 1111 753; x_wconf 83' lang='lat' dir='ltr'>quamvis</span> <span class='ocrx_word' id='word_1_6' title='bbox 1143 655 1339 732; x_wconf 89' lang='lat' dir='ltr'>enim</span> <span class='ocrx_word' id='word_1_7' title='bbox 1374 657 1649 732; x_wconf 84' lang='lat' dir='ltr'>fuerint</span> <span class='ocrx_word' id='word_1_8' title='bbox 1680 655 2011 752; x_wconf 81' lang='lat' dir='ltr'>concepti</span> <span class='ocrx_word' id='word_1_9' title='bbox 2048 674 2142 730; x_wconf 87' lang='lat' dir='ltr'>ex</span> <span class='ocrx_word' id='word_1_10' title='bbox 2178 655 2437 730; x_wconf 91' lang='lat' dir='ltr'>eodem</span> <span class='ocrx_word' id='word_1_11' title='bbox 2472 664 2872 752; x_wconf 81' lang='lat' dir='ltr'><strong>spermate,</strong></span> 
     </span>
     <span class='ocr_line' id='line_1_3' title="bbox 521 776 2876 873; baseline -0.001 -17"><span class='ocrx_word' id='word_1_12' title='bbox 521 788 771 856; x_wconf 86' lang='lat' dir='ltr'>tamen</span> <span class='ocrx_word' id='word_1_13' title='bbox 825 779 1128 855; x_wconf 84' lang='lat' dir='ltr'>fuerunt</span> <span class='ocrx_word' id='word_1_14' title='bbox 1182 777 1317 853; x_wconf 94' lang='lat' dir='ltr'>sibi</span> <span class='ocrx_word' id='word_1_15' title='bbox 1379 776 1723 852; x_wconf 91' lang='lat' dir='ltr'>contrarii</span> <span class='ocrx_word' id='word_1_16' title='bbox 1773 783 2174 871; x_wconf 88' lang='lat' dir='ltr'>antequam</span> <span class='ocrx_word' id='word_1_17' title='bbox 2225 783 2724 873; x_wconf 89' lang='lat' dir='ltr'>nascerentur,</span> <span class='ocrx_word' id='word_1_18' title='bbox 2791 786 2876 855; x_wconf 86' lang='lat' dir='ltr'>ut</span> 
     </span>
     <span class='ocr_line' id='line_1_4' title="bbox 518 897 2864 998; baseline 0 -25"><span class='ocrx_word' id='word_1_19' title='bbox 518 907 719 998; x_wconf 84' lang='lat' dir='ltr'>patet</span> <span class='ocrx_word' id='word_1_20' title='bbox 770 898 1031 975; x_wconf 86' lang='lat' dir='ltr'>ultimo</span> <span class='ocrx_word' id='word_1_21' title='bbox 1064 899 1382 995; x_wconf 91' lang='lat' dir='ltr'>capitulo</span> <span class='ocrx_word' id='word_1_22' title='bbox 1433 898 1654 972; x_wconf 91' lang='lat' dir='ltr'>huius</span> <span class='ocrx_word' id='word_1_23' title='bbox 1704 897 1910 991; x_wconf 83' lang='lat' dir='ltr'>libri3</span> <span class='ocrx_word' id='word_1_24' title='bbox 1962 903 2037 972; x_wconf 99' lang='lat' dir='ltr'>et</span> <span class='ocrx_word' id='word_1_25' title='bbox 2086 897 2240 972; x_wconf 90' lang='lat' dir='ltr'>sola</span> <span class='ocrx_word' id='word_1_26' title='bbox 2276 897 2584 973; x_wconf 83' lang='lat' dir='ltr'>variatio</span> <span class='ocrx_word' id='word_1_27' title='bbox 2616 900 2864 974; x_wconf 90' lang='lat' dir='ltr'>zenitb</span> 
     </span>
     <span class='ocr_line' id='line_1_5' title="bbox 518 1016 2864 1117; baseline -0.001 -21"><span class='ocrx_word' id='word_1_28' title='bbox 518 1025 756 1117; x_wconf 86' lang='lat' dir='ltr'>potest</span> <span class='ocrx_word' id='word_1_29' title='bbox 805 1039 967 1096; x_wconf 92' lang='lat' dir='ltr'>esse</span> <span class='ocrx_word' id='word_1_30' title='bbox 1018 1040 1241 1094; x_wconf 87' lang='lat' dir='ltr'>causa</span> <span class='ocrx_word' id='word_1_31' title='bbox 1304 1025 1526 1094; x_wconf 81' lang='lat' dir='ltr'>tantae</span> <span class='ocrx_word' id='word_1_32' title='bbox 1584 1016 2039 1092; x_wconf 80' lang='lat' dir='ltr'>diversitatis.</span> <span class='ocrx_word' id='word_1_33' title='bbox 2108 1017 2449 1092; x_wconf 82' lang='lat' dir='ltr'>Similiter</span> <span class='ocrx_word' id='word_1_34' title='bbox 2499 1018 2864 1093; x_wconf 89' lang='lat' dir='ltr'><strong>Romulus</strong></span> 
     </span>
     <span class='ocr_line' id='line_1_6' title="bbox 519 1137 2867 1234; baseline -0.003 -17"><span class='ocrx_word' id='word_1_35' title='bbox 519 1148 599 1217; x_wconf 83' lang='lat' dir='ltr'>et</span> <span class='ocrx_word' id='word_1_36' title='bbox 644 1139 921 1216; x_wconf 89' lang='lat' dir='ltr'>Remus</span> <span class='ocrx_word' id='word_1_37' title='bbox 991 1139 1293 1214; x_wconf 84' lang='lat' dir='ltr'>fuerunt</span> <span class='ocrx_word' id='word_1_38' title='bbox 1355 1138 1619 1213; x_wconf 84' lang='lat' dir='ltr'>fratres</span> <span class='ocrx_word' id='word_1_39' title='bbox 1669 1137 1989 1234; x_wconf 90' lang='lat' dir='ltr'>gemelli,</span> <span class='ocrx_word' id='word_1_40' title='bbox 2042 1137 2264 1212; x_wconf 91' lang='lat' dir='ltr'>ambo</span> <span class='ocrx_word' id='word_1_41' title='bbox 2316 1137 2453 1211; x_wconf 87' lang='lat' dir='ltr'>viri</span> <span class='ocrx_word' id='word_1_42' title='bbox 2512 1137 2740 1213; x_wconf 84' lang='lat' dir='ltr'>fortes</span> <span class='ocrx_word' id='word_1_43' title='bbox 2791 1145 2867 1214; x_wconf 88' lang='lat' dir='ltr'>et</span> 
     </span>
     <span class='ocr_line' id='line_1_7' title="bbox 519 1257 2865 1356; baseline -0.002 -19"><span class='ocrx_word' id='word_1_44' title='bbox 519 1261 823 1356; x_wconf 86' lang='lat' dir='ltr'>strenui,</span> <span class='ocrx_word' id='word_1_45' title='bbox 890 1267 966 1336; x_wconf 86' lang='lat' dir='ltr'>et</span> <span class='ocrx_word' id='word_1_46' title='bbox 1015 1260 1382 1355; x_wconf 86' lang='lat' dir='ltr'>praecipue</span> <span class='ocrx_word' id='word_1_47' title='bbox 1441 1258 1802 1333; x_wconf 91' lang='lat' dir='ltr'>Romulus</span> <span class='ocrx_word' id='word_1_48' title='bbox 1864 1257 2378 1354; x_wconf 80' lang='lat' dir='ltr'>magnanimus</span> <span class='ocrx_word' id='word_1_49' title='bbox 2441 1264 2517 1332; x_wconf 86' lang='lat' dir='ltr'>et</span> <span class='ocrx_word' id='word_1_50' title='bbox 2577 1258 2865 1356; x_wconf 88' lang='lat' dir='ltr'>magni-</span> 
     </span>
     <span class='ocr_line' id='line_1_8' title="bbox 522 1377 2863 1476; baseline -0.002 -19"><span class='ocrx_word' id='word_1_51' title='bbox 522 1382 727 1476; x_wconf 85' lang='lat' dir='ltr'>ficus,</span> <span class='ocrx_word' id='word_1_52' title='bbox 781 1400 915 1456; x_wconf 86' lang='lat' dir='ltr'>rex</span> <span class='ocrx_word' id='word_1_53' title='bbox 983 1380 1216 1456; x_wconf 77' lang='lat' dir='ltr'>victor</span> <span class='ocrx_word' id='word_1_54' title='bbox 1287 1399 1576 1475; x_wconf 86' lang='lat' dir='ltr'>regum,</span> <span class='ocrx_word' id='word_1_55' title='bbox 1639 1378 1830 1452; x_wconf 90' lang='lat' dir='ltr'>sicut</span> <span class='ocrx_word' id='word_1_56' title='bbox 1892 1377 2169 1453; x_wconf 91' lang='lat' dir='ltr'>dictum</span> <span class='ocrx_word' id='word_1_57' title='bbox 2220 1384 2330 1453; x_wconf 91' lang='lat' dir='ltr'>est</span> <span class='ocrx_word' id='word_1_58' title='bbox 2392 1399 2614 1473; x_wconf 92' lang='lat' dir='ltr'>supra</span> <span class='ocrx_word' id='word_1_59' title='bbox 2665 1379 2863 1476; x_wconf 89' lang='lat' dir='ltr'>capi-</span> 
     </span>
     <span class='ocr_line' id='line_1_9' title="bbox 520 1497 2869 1595; baseline -0 -21"><span class='ocrx_word' id='word_1_60' title='bbox 520 1502 675 1576; x_wconf 88' lang='lat' dir='ltr'>tulo</span> <span class='ocrx_word' id='word_1_61' title='bbox 727 1500 840 1595; x_wconf 88' lang='lat' dir='ltr'>VI,</span> <span class='ocrx_word' id='word_1_62' title='bbox 891 1505 966 1574; x_wconf 93' lang='lat' dir='ltr'>et</span> <span class='ocrx_word' id='word_1_63' title='bbox 1015 1506 1264 1575; x_wconf 87' lang='lat' dir='ltr'>tamen</span> <span class='ocrx_word' id='word_1_64' title='bbox 1319 1498 1466 1573; x_wconf 93' lang='lat' dir='ltr'>nati</span> <span class='ocrx_word' id='word_1_65' title='bbox 1517 1503 1689 1571; x_wconf 86' lang='lat' dir='ltr'>sunt</span> <span class='ocrx_word' id='word_1_66' title='bbox 1739 1517 1830 1573; x_wconf 87' lang='lat' dir='ltr'>ex</span> <span class='ocrx_word' id='word_1_67' title='bbox 1884 1504 2037 1573; x_wconf 87' lang='lat' dir='ltr'>tam</span> <span class='ocrx_word' id='word_1_68' title='bbox 2089 1497 2211 1573; x_wconf 86' lang='lat' dir='ltr'>vili</span> <span class='ocrx_word' id='word_1_69' title='bbox 2262 1504 2471 1592; x_wconf 89' lang='lat' dir='ltr'>patre</span> <span class='ocrx_word' id='word_1_70' title='bbox 2524 1498 2723 1593; x_wconf 87' lang='lat' dir='ltr'>quod</span> <span class='ocrx_word' id='word_1_71' title='bbox 2774 1500 2869 1573; x_wconf 88' lang='lat' dir='ltr'>ad</span> 
     </span>
    </p>
   </div>
   <div class='ocr_carea' id='block_1_3' title="bbox 410 1618 2868 1714">
    <p class='ocr_par' dir='ltr' id='par_1_3' title="bbox 410 1618 2868 1714">
     <span class='ocr_line' id='line_1_10' title="bbox 410 1618 2868 1714; baseline -0.001 -17"><span class='ocrx_word' id='word_1_72' title='bbox 410 1639 419 1650; x_wconf 91' lang='lat'><strong>·</strong></span> <span class='ocrx_word' id='word_1_73' title='bbox 519 1620 899 1697; x_wconf 90' lang='lat' dir='ltr'>celandam</span> <span class='ocrx_word' id='word_1_74' title='bbox 952 1619 1326 1695; x_wconf 81' lang='lat' dir='ltr'>infamiam</span> <span class='ocrx_word' id='word_1_75' title='bbox 1396 1618 1629 1714; x_wconf 88' lang='lat' dir='ltr'>turpis</span> <span class='ocrx_word' id='word_1_76' title='bbox 1695 1618 2034 1693; x_wconf 89' lang='lat' dir='ltr'>adulterii</span> <span class='ocrx_word' id='word_1_77' title='bbox 2083 1619 2360 1693; x_wconf 91' lang='lat' dir='ltr'>dictum</span> <span class='ocrx_word' id='word_1_78' title='bbox 2411 1626 2522 1694; x_wconf 93' lang='lat' dir='ltr'>est</span> <span class='ocrx_word' id='word_1_79' title='bbox 2572 1626 2646 1694; x_wconf 88' lang='lat' dir='ltr'>et</span> <span class='ocrx_word' id='word_1_80' title='bbox 2700 1639 2868 1695; x_wconf 90' lang='lat' dir='ltr'>cre-</span> 
     </span>
    </p>
   </div>
   <div class='ocr_carea' id='block_1_4' title="bbox 513 1734 2871 4488">
    <p class='ocr_par' dir='ltr' id='par_1_4' title="bbox 513 1734 2871 4488">
     <span class='ocr_line' id='line_1_11' title="bbox 524 1734 2871 1837; baseline -0.001 -22"><span class='ocrx_word' id='word_1_81' title='bbox 524 1741 758 1816; x_wconf 89' lang='lat' dir='ltr'>ditum</span> <span class='ocrx_word' id='word_1_82' title='bbox 795 1742 1042 1837; x_wconf 86' lang='lat' dir='ltr'>vulgo,</span> <span class='ocrx_word' id='word_1_83' title='bbox 1084 1739 1284 1835; x_wconf 87' lang='lat' dir='ltr'>quod</span> <span class='ocrx_word' id='word_1_84' title='bbox 1334 1745 1546 1816; x_wconf 89' lang='lat' dir='ltr'>erant</span> <span class='ocrx_word' id='word_1_85' title='bbox 1596 1738 1718 1813; x_wconf 85' lang='lat' dir='ltr'>filii</span> <span class='ocrx_word' id='word_1_86' title='bbox 1773 1739 2247 1834; x_wconf 86' lang='lat' dir='ltr'>potentissimi</span> <span class='ocrx_word' id='word_1_87' title='bbox 2280 1734 2352 1833; x_wconf 84' lang='lat'>(¹)</span> <span class='ocrx_word' id='word_1_88' title='bbox 2389 1741 2542 1835; x_wconf 88' lang='lat' dir='ltr'>Dei,</span> <span class='ocrx_word' id='word_1_89' title='bbox 2598 1740 2871 1815; x_wconf 88' lang='lat' dir='ltr'>scilicet</span> 
     </span>
     <span class='ocr_line' id='line_1_12' title="bbox 521 1861 2861 1958; baseline 0 -21"><span class='ocrx_word' id='word_1_90' title='bbox 521 1863 784 1938; x_wconf 89' lang='lat' dir='ltr'>Martis.</span> <span class='ocrx_word' id='word_1_91' title='bbox 854 1862 1036 1937; x_wconf 85' lang='lat' dir='ltr'>Dicit</span> <span class='ocrx_word' id='word_1_92' title='bbox 1099 1881 1326 1958; x_wconf 89' lang='lat' dir='ltr'>ergo:</span> <span class='ocrx_word' id='word_1_93' title='bbox 1397 1884 1434 1935; x_wconf 85' lang='lat' dir='ltr'>e</span> <span class='ocrx_word' id='word_1_94' title='bbox 1497 1865 1652 1935; x_wconf 81' lang='lat' dir='ltr'>vien</span> <span class='ocrx_word' id='word_1_95' title='bbox 1709 1865 2028 1953; x_wconf 77' lang='lat' dir='ltr'>Quirim,</span> <span class='ocrx_word' id='word_1_96' title='bbox 2081 1861 2282 1956; x_wconf 87' lang='lat' dir='ltr'>idest,</span> <span class='ocrx_word' id='word_1_97' title='bbox 2335 1861 2697 1936; x_wconf 89' lang='lat' dir='ltr'>Romulus</span> <span class='ocrx_word' id='word_1_98' title='bbox 2758 1862 2861 1938; x_wconf 91' lang='lat' dir='ltr'>sic</span> 
     </span>
     <span class='ocr_line' id='line_1_13' title="bbox 518 1981 2865 2078; baseline -0.001 -20"><span class='ocrx_word' id='word_1_99' title='bbox 518 1984 752 2058; x_wconf 92' lang='lat' dir='ltr'>dictus</span> <span class='ocrx_word' id='word_1_100' title='bbox 802 1983 976 2078; x_wconf 87' lang='lat' dir='ltr'>quia</span> <span class='ocrx_word' id='word_1_101' title='bbox 1009 1983 1339 2057; x_wconf 86' lang='lat' dir='ltr'>hastatus</span> <span class='ocrx_word' id='word_1_102' title='bbox 1389 1981 1666 2056; x_wconf 90' lang='lat' dir='ltr'>solebat</span> <span class='ocrx_word' id='word_1_103' title='bbox 1719 1981 2101 2076; x_wconf 84' lang='lat' dir='ltr'>incedere3</span> <span class='ocrx_word' id='word_1_104' title='bbox 2139 2003 2309 2058; x_wconf 89' lang='lat' dir='ltr'>nam</span> <span class='ocrx_word' id='word_1_105' title='bbox 2354 1982 2581 2076; x_wconf 89' lang='lat' dir='ltr'>quiris</span> <span class='ocrx_word' id='word_1_106' title='bbox 2617 1982 2691 2055; x_wconf 91' lang='lat' dir='ltr'>in</span> <span class='ocrx_word' id='word_1_107' title='bbox 2727 1982 2865 2055; x_wconf 89' lang='lat' dir='ltr'>lin-</span> 
     </span>
     <span class='ocr_line' id='line_1_14' title="bbox 518 2094 2865 2200; baseline 0 -23"><span class='ocrx_word' id='word_1_108' title='bbox 518 2125 667 2200; x_wconf 87' lang='lat' dir='ltr'>gua</span> <span class='ocrx_word' id='word_1_109' title='bbox 717 2102 971 2178; x_wconf 90' lang='lat' dir='ltr'>sabina</span> <span class='ocrx_word' id='word_1_110' title='bbox 1026 2102 1221 2177; x_wconf 90' lang='lat' dir='ltr'>idem</span> <span class='ocrx_word' id='word_1_111' title='bbox 1272 2106 1382 2176; x_wconf 87' lang='lat' dir='ltr'>est</span> <span class='ocrx_word' id='word_1_112' title='bbox 1433 2100 1631 2195; x_wconf 89' lang='lat' dir='ltr'>quod</span> <span class='ocrx_word' id='word_1_113' title='bbox 1692 2101 1948 2196; x_wconf 81' lang='lat' dir='ltr'>hasta3</span> <span class='ocrx_word' id='word_1_114' title='bbox 2013 2104 2113 2175; x_wconf 84' lang='lat' dir='ltr'>da</span> <span class='ocrx_word' id='word_1_115' title='bbox 2159 2094 2219 2175; x_wconf 74' lang='lat' dir='ltr'>si</span> <span class='ocrx_word' id='word_1_116' title='bbox 2270 2104 2368 2174; x_wconf 82' lang='lat' dir='ltr'>vil</span> <span class='ocrx_word' id='word_1_117' title='bbox 2404 2103 2665 2194; x_wconf 83' lang='lat' dir='ltr'>padre,</span> <span class='ocrx_word' id='word_1_118' title='bbox 2725 2102 2865 2177; x_wconf 92' lang='lat' dir='ltr'>sci-</span> 
     </span>
     <span class='ocr_line' id='line_1_15' title="bbox 518 2221 2869 2317; baseline 0 -22"><span class='ocrx_word' id='word_1_119' title='bbox 518 2222 683 2297; x_wconf 87' lang='lat' dir='ltr'>licet</span> <span class='ocrx_word' id='word_1_120' title='bbox 731 2243 825 2298; x_wconf 82' lang='lat' dir='ltr'>ex</span> <span class='ocrx_word' id='word_1_121' title='bbox 876 2222 1256 2298; x_wconf 86' lang='lat' dir='ltr'>sacerdote</span> <span class='ocrx_word' id='word_1_122' title='bbox 1320 2222 1467 2317; x_wconf 86' lang='lat' dir='ltr'>vili,</span> <span class='ocrx_word' id='word_1_123' title='bbox 1535 2221 1791 2317; x_wconf 86' lang='lat' dir='ltr'>otioso,</span> <span class='ocrx_word' id='word_1_124' title='bbox 1857 2223 1985 2297; x_wconf 92' lang='lat' dir='ltr'>ubi</span> <span class='ocrx_word' id='word_1_125' title='bbox 2050 2223 2412 2298; x_wconf 90' lang='lat' dir='ltr'>Romulus</span> <span class='ocrx_word' id='word_1_126' title='bbox 2476 2222 2612 2295; x_wconf 84' lang='lat' dir='ltr'>fuit</span> <span class='ocrx_word' id='word_1_127' title='bbox 2664 2222 2869 2297; x_wconf 89' lang='lat' dir='ltr'>belli-</span> 
     </span>
     <span class='ocr_line' id='line_1_16' title="bbox 516 2343 2867 2438; baseline -0.001 -20"><span class='ocrx_word' id='word_1_128' title='bbox 516 2365 755 2437; x_wconf 85' lang='lat' dir='ltr'>cosus,</span> <span class='ocrx_word' id='word_1_129' title='bbox 808 2343 1199 2438; x_wconf 87' lang='lat' dir='ltr'>inquietus,</span> <span class='ocrx_word' id='word_1_130' title='bbox 1252 2346 1371 2417; x_wconf 78' lang='lat' dir='ltr'>che</span> <span class='ocrx_word' id='word_1_131' title='bbox 1419 2347 1481 2417; x_wconf 81' lang='lat' dir='ltr'>si</span> <span class='ocrx_word' id='word_1_132' title='bbox 1528 2346 1746 2418; x_wconf 78' lang='lat' dir='ltr'>rende</span> <span class='ocrx_word' id='word_1_133' title='bbox 1794 2365 1844 2416; x_wconf 84' lang='lat' dir='ltr'><em>a</em></span> <span class='ocrx_word' id='word_1_134' title='bbox 1897 2349 2127 2418; x_wconf 81' lang='lat' dir='ltr'>Marte</span> <span class='ocrx_word' id='word_1_135' title='bbox 2138 2371 2169 2438; x_wconf 87' lang='lat'>‚·</span> <span class='ocrx_word' id='word_1_136' title='bbox 2220 2343 2348 2418; x_wconf 92' lang='lat' dir='ltr'>sed</span> <span class='ocrx_word' id='word_1_137' title='bbox 2397 2363 2577 2418; x_wconf 86' lang='lat' dir='ltr'>vere</span> <span class='ocrx_word' id='word_1_138' title='bbox 2631 2343 2867 2438; x_wconf 91' lang='lat' dir='ltr'>potuit</span> 
     </span>
     <span class='ocr_line' id='line_1_17' title="bbox 515 2462 2869 2559; baseline 0.001 -24"><span class='ocrx_word' id='word_1_139' title='bbox 515 2462 655 2535; x_wconf 90' lang='lat' dir='ltr'>dici</span> <span class='ocrx_word' id='word_1_140' title='bbox 705 2462 895 2535; x_wconf 87' lang='lat' dir='ltr'>filius</span> <span class='ocrx_word' id='word_1_141' title='bbox 945 2464 1212 2557; x_wconf 79' lang='lat' dir='ltr'>MartiS,</span> <span class='ocrx_word' id='word_1_142' title='bbox 1263 2463 1438 2556; x_wconf 90' lang='lat' dir='ltr'>quia</span> <span class='ocrx_word' id='word_1_143' title='bbox 1489 2463 1797 2538; x_wconf 84' lang='lat' dir='ltr'>bellator</span> <span class='ocrx_word' id='word_1_144' title='bbox 1848 2464 2281 2540; x_wconf 86' lang='lat' dir='ltr'>victoriosus</span> <span class='ocrx_word' id='word_1_145' title='bbox 2331 2470 2408 2539; x_wconf 88' lang='lat' dir='ltr'>et</span> <span class='ocrx_word' id='word_1_146' title='bbox 2470 2469 2690 2538; x_wconf 89' lang='lat' dir='ltr'>autor</span> <span class='ocrx_word' id='word_1_147' title='bbox 2737 2485 2869 2559; x_wconf 91' lang='lat' dir='ltr'>po-</span> 
     </span>
     <span class='ocr_line' id='line_1_18' title="bbox 520 2579 2868 2674; baseline 0.002 -21"><span class='ocrx_word' id='word_1_148' title='bbox 520 2580 668 2674; x_wconf 88' lang='lat' dir='ltr'>puli</span> <span class='ocrx_word' id='word_1_149' title='bbox 720 2579 1039 2654; x_wconf 91' lang='lat' dir='ltr'>bellicosi</span> <span class='ocrx_word' id='word_1_150' title='bbox 1091 2582 1396 2656; x_wconf 92' lang='lat' dir='ltr'>romani.</span> <span class='ocrx_word' id='word_1_151' title='bbox 1449 2582 1601 2657; x_wconf 91' lang='lat' dir='ltr'>Hoc</span> <span class='ocrx_word' id='word_1_152' title='bbox 1653 2583 1875 2656; x_wconf 91' lang='lat' dir='ltr'>etiam</span> <span class='ocrx_word' id='word_1_153' title='bbox 1928 2583 2180 2657; x_wconf 87' lang='lat' dir='ltr'>fictum</span> <span class='ocrx_word' id='word_1_154' title='bbox 2235 2591 2346 2658; x_wconf 87' lang='lat' dir='ltr'>est</span> <span class='ocrx_word' id='word_1_155' title='bbox 2395 2583 2488 2659; x_wconf 89' lang='lat' dir='ltr'>ad</span> <span class='ocrx_word' id='word_1_156' title='bbox 2528 2584 2868 2659; x_wconf 89' lang='lat' dir='ltr'>animan-</span> 
     </span>
     <span class='ocr_line' id='line_1_19' title="bbox 517 2701 2867 2798; baseline 0.002 -23"><span class='ocrx_word' id='word_1_157' title='bbox 517 2701 695 2775; x_wconf 92' lang='lat' dir='ltr'>dum</span> <span class='ocrx_word' id='word_1_158' title='bbox 748 2701 1103 2797; x_wconf 91' lang='lat' dir='ltr'>populum</span> <span class='ocrx_word' id='word_1_159' title='bbox 1165 2701 1257 2777; x_wconf 89' lang='lat' dir='ltr'>ad</span> <span class='ocrx_word' id='word_1_160' title='bbox 1325 2702 1676 2777; x_wconf 84' lang='lat' dir='ltr'>virtutem</span> <span class='ocrx_word' id='word_1_161' title='bbox 1729 2703 2203 2798; x_wconf 81' lang='lat' dir='ltr'>fortitudinis3</span> <span class='ocrx_word' id='word_1_162' title='bbox 2266 2703 2393 2778; x_wconf 92' lang='lat' dir='ltr'>sed</span> <span class='ocrx_word' id='word_1_163' title='bbox 2458 2703 2648 2776; x_wconf 87' lang='lat' dir='ltr'>sicut</span> <span class='ocrx_word' id='word_1_164' title='bbox 2699 2703 2867 2779; x_wconf 90' lang='lat' dir='ltr'>ficte</span> 
     </span>
     <span class='ocr_line' id='line_1_20' title="bbox 520 2821 2867 2917; baseline 0 -22"><span class='ocrx_word' id='word_1_165' title='bbox 520 2828 732 2896; x_wconf 93' lang='lat' dir='ltr'>natus</span> <span class='ocrx_word' id='word_1_166' title='bbox 783 2827 894 2897; x_wconf 93' lang='lat' dir='ltr'>est</span> <span class='ocrx_word' id='word_1_167' title='bbox 944 2841 1038 2896; x_wconf 87' lang='lat' dir='ltr'>ex</span> <span class='ocrx_word' id='word_1_168' title='bbox 1090 2822 1264 2916; x_wconf 87' lang='lat' dir='ltr'>Deo,</span> <span class='ocrx_word' id='word_1_169' title='bbox 1327 2821 1445 2898; x_wconf 70' lang='lat' dir='ltr'>ita,</span> <span class='ocrx_word' id='word_1_170' title='bbox 1494 2822 1661 2897; x_wconf 87' lang='lat' dir='ltr'>ficte</span> <span class='ocrx_word' id='word_1_171' title='bbox 1723 2822 1959 2897; x_wconf 85' lang='lat' dir='ltr'>factus</span> <span class='ocrx_word' id='word_1_172' title='bbox 2022 2828 2131 2897; x_wconf 95' lang='lat' dir='ltr'>est</span> <span class='ocrx_word' id='word_1_173' title='bbox 2199 2823 2395 2897; x_wconf 92' lang='lat' dir='ltr'>Deus</span> <span class='ocrx_word' id='word_1_174' title='bbox 2449 2827 2608 2917; x_wconf 95' lang='lat' dir='ltr'>post</span> <span class='ocrx_word' id='word_1_175' title='bbox 2664 2842 2867 2897; x_wconf 84' lang='lat' dir='ltr'>mor-</span> 
     </span>
     <span class='ocr_line' id='line_1_21' title="bbox 514 2944 2866 3039; baseline -0 -21"><span class='ocrx_word' id='word_1_176' title='bbox 514 2951 686 3018; x_wconf 89' lang='lat' dir='ltr'>tem.</span> <span class='ocrx_word' id='word_1_177' title='bbox 715 2984 814 2998; x_wconf 92' lang='lat'>—</span> <span class='ocrx_word' id='word_1_178' title='bbox 840 2947 1137 3017; x_wconf 74' lang='lat' dir='ltr'>Natura.</span> <span class='ocrx_word' id='word_1_179' title='bbox 1192 2944 1322 3018; x_wconf 89' lang='lat' dir='ltr'>Hic</span> <span class='ocrx_word' id='word_1_180' title='bbox 1370 2944 1674 3019; x_wconf 88' lang='lat' dir='ltr'>Carolus</span> <span class='ocrx_word' id='word_1_181' title='bbox 1723 2944 2037 3020; x_wconf 88' lang='lat' dir='ltr'>ostendit</span> <span class='ocrx_word' id='word_1_182' title='bbox 2087 2945 2460 3039; x_wconf 88' lang='lat' dir='ltr'>quomodo</span> <span class='ocrx_word' id='word_1_183' title='bbox 2507 2944 2699 3019; x_wconf 87' lang='lat' dir='ltr'>dicta</span> <span class='ocrx_word' id='word_1_184' title='bbox 2734 2964 2866 3017; x_wconf 91' lang='lat' dir='ltr'>na-</span> 
     </span>
     <span class='ocr_line' id='line_1_22' title="bbox 517 3063 2866 3140; baseline -0.001 -3"><span class='ocrx_word' id='word_1_185' title='bbox 517 3072 681 3137; x_wconf 90' lang='lat' dir='ltr'>tura</span> <span class='ocrx_word' id='word_1_186' title='bbox 757 3064 1069 3138; x_wconf 86' lang='lat' dir='ltr'>coelestis</span> <span class='ocrx_word' id='word_1_187' title='bbox 1148 3064 1369 3139; x_wconf 87' lang='lat' dir='ltr'>vincit</span> <span class='ocrx_word' id='word_1_188' title='bbox 1444 3070 1787 3139; x_wconf 87' lang='lat' dir='ltr'>naturam</span> <span class='ocrx_word' id='word_1_189' title='bbox 1865 3065 2293 3140; x_wconf 89' lang='lat' dir='ltr'>humanam.</span> <span class='ocrx_word' id='word_1_190' title='bbox 2364 3065 2450 3137; x_wconf 89' lang='lat' dir='ltr'>Et</span> <span class='ocrx_word' id='word_1_191' title='bbox 2507 3064 2602 3139; x_wconf 89' lang='lat' dir='ltr'>ad</span> <span class='ocrx_word' id='word_1_192' title='bbox 2653 3063 2866 3137; x_wconf 88' lang='lat' dir='ltr'>intel-</span> 
     </span>
     <span class='ocr_line' id='line_1_23' title="bbox 520 3183 2867 3280; baseline 0.001 -24"><span class='ocrx_word' id='word_1_193' title='bbox 520 3183 792 3259; x_wconf 85' lang='lat' dir='ltr'>lectum</span> <span class='ocrx_word' id='word_1_194' title='bbox 827 3183 1047 3257; x_wconf 91' lang='lat' dir='ltr'>huius</span> <span class='ocrx_word' id='word_1_195' title='bbox 1087 3184 1317 3258; x_wconf 86' lang='lat' dir='ltr'>literae</span> <span class='ocrx_word' id='word_1_196' title='bbox 1351 3190 1463 3258; x_wconf 85' lang='lat' dir='ltr'>est</span> <span class='ocrx_word' id='word_1_197' title='bbox 1494 3184 1684 3259; x_wconf 91' lang='lat' dir='ltr'>bene</span> <span class='ocrx_word' id='word_1_198' title='bbox 1720 3184 2147 3280; x_wconf 86' lang='lat' dir='ltr'>notandum,</span> <span class='ocrx_word' id='word_1_199' title='bbox 2183 3185 2380 3280; x_wconf 88' lang='lat' dir='ltr'>quod</span> <span class='ocrx_word' id='word_1_200' title='bbox 2416 3185 2584 3259; x_wconf 90' lang='lat' dir='ltr'>licet</span> <span class='ocrx_word' id='word_1_201' title='bbox 2620 3183 2867 3259; x_wconf 90' lang='lat' dir='ltr'>anima</span> 
     </span>
     <span class='ocr_line' id='line_1_24' title="bbox 515 3302 2868 3400; baseline 0 -23"><span class='ocrx_word' id='word_1_202' title='bbox 515 3302 932 3398; x_wconf 84' lang='lat' dir='ltr'>generantis</span> <span class='ocrx_word' id='word_1_203' title='bbox 982 3302 1314 3378; x_wconf 81' lang='lat' dir='ltr'>infundat</span> <span class='ocrx_word' id='word_1_204' title='bbox 1364 3304 1714 3378; x_wconf 88' lang='lat' dir='ltr'>virtutem</span> <span class='ocrx_word' id='word_1_205' title='bbox 1766 3325 1978 3380; x_wconf 90' lang='lat' dir='ltr'>suam</span> <span class='ocrx_word' id='word_1_206' title='bbox 2034 3325 2202 3398; x_wconf 86' lang='lat' dir='ltr'>quae</span> <span class='ocrx_word' id='word_1_207' title='bbox 2237 3312 2348 3380; x_wconf 87' lang='lat' dir='ltr'>est</span> <span class='ocrx_word' id='word_1_208' title='bbox 2389 3305 2462 3378; x_wconf 92' lang='lat' dir='ltr'>in</span> <span class='ocrx_word' id='word_1_209' title='bbox 2497 3310 2868 3400; x_wconf 87' lang='lat' dir='ltr'>spermate</span> 
     </span>
     <span class='ocr_line' id='line_1_25' title="bbox 516 3422 2867 3519; baseline 0.002 -25"><span class='ocrx_word' id='word_1_210' title='bbox 516 3422 609 3496; x_wconf 91' lang='lat' dir='ltr'>ad</span> <span class='ocrx_word' id='word_1_211' title='bbox 660 3422 1171 3499; x_wconf 81' lang='lat' dir='ltr'>formationem</span> <span class='ocrx_word' id='word_1_212' title='bbox 1223 3424 1370 3519; x_wconf 85' lang='lat' dir='ltr'>filii,</span> <span class='ocrx_word' id='word_1_213' title='bbox 1426 3445 1572 3500; x_wconf 91' lang='lat' dir='ltr'>non</span> <span class='ocrx_word' id='word_1_214' title='bbox 1628 3432 1880 3501; x_wconf 87' lang='lat' dir='ltr'>tamen</span> <span class='ocrx_word' id='word_1_215' title='bbox 1937 3424 2060 3500; x_wconf 89' lang='lat' dir='ltr'>dat</span> <span class='ocrx_word' id='word_1_216' title='bbox 2114 3425 2563 3501; x_wconf 87' lang='lat' dir='ltr'>intellectum</span> <span class='ocrx_word' id='word_1_217' title='bbox 2616 3430 2692 3500; x_wconf 91' lang='lat' dir='ltr'>et</span> <span class='ocrx_word' id='word_1_218' title='bbox 2746 3444 2867 3499; x_wconf 88' lang='lat' dir='ltr'>ra-</span> 
     </span>
     <span class='ocr_line' id='line_1_26' title="bbox 518 3543 2864 3642; baseline 0.002 -27"><span class='ocrx_word' id='word_1_219' title='bbox 518 3543 813 3637; x_wconf 86' lang='lat' dir='ltr'>tionem,</span> <span class='ocrx_word' id='word_1_220' title='bbox 851 3544 1024 3637; x_wconf 89' lang='lat' dir='ltr'>quia</span> <span class='ocrx_word' id='word_1_221' title='bbox 1066 3543 1285 3620; x_wconf 87' lang='lat' dir='ltr'>datur</span> <span class='ocrx_word' id='word_1_222' title='bbox 1336 3545 1430 3619; x_wconf 95' lang='lat' dir='ltr'>ab</span> <span class='ocrx_word' id='word_1_223' title='bbox 1482 3553 1733 3640; x_wconf 83' lang='lat' dir='ltr'>extra3</span> <span class='ocrx_word' id='word_1_224' title='bbox 1786 3552 1861 3620; x_wconf 91' lang='lat' dir='ltr'>et</span> <span class='ocrx_word' id='word_1_225' title='bbox 1903 3553 2014 3621; x_wconf 87' lang='lat' dir='ltr'>est</span> <span class='ocrx_word' id='word_1_226' title='bbox 2055 3567 2172 3621; x_wconf 68' lang='lat' dir='ltr'>res</span> <span class='ocrx_word' id='word_1_227' title='bbox 2207 3552 2566 3642; x_wconf 86' lang='lat' dir='ltr'>separata,</span> <span class='ocrx_word' id='word_1_228' title='bbox 2603 3544 2678 3619; x_wconf 93' lang='lat' dir='ltr'>in</span> <span class='ocrx_word' id='word_1_229' title='bbox 2715 3566 2864 3638; x_wconf 90' lang='lat' dir='ltr'>qua</span> 
     </span>
     <span class='ocr_line' id='line_1_27' title="bbox 518 3663 2864 3762; baseline 0.001 -26"><span class='ocrx_word' id='word_1_230' title='bbox 518 3668 626 3736; x_wconf 87' lang='lat' dir='ltr'>est</span> <span class='ocrx_word' id='word_1_231' title='bbox 682 3663 1017 3738; x_wconf 87' lang='lat' dir='ltr'>voluntas</span> <span class='ocrx_word' id='word_1_232' title='bbox 1068 3670 1143 3739; x_wconf 91' lang='lat' dir='ltr'>et</span> <span class='ocrx_word' id='word_1_233' title='bbox 1192 3664 1491 3741; x_wconf 81' lang='lat' dir='ltr'>libertas</span> <span class='ocrx_word' id='word_1_234' title='bbox 1540 3666 1844 3762; x_wconf 86' lang='lat' dir='ltr'>arbitrii,</span> <span class='ocrx_word' id='word_1_235' title='bbox 1899 3688 2032 3762; x_wconf 94' lang='lat' dir='ltr'>per</span> <span class='ocrx_word' id='word_1_236' title='bbox 2081 3688 2307 3762; x_wconf 88' lang='lat' dir='ltr'>quam</span> <span class='ocrx_word' id='word_1_237' title='bbox 2370 3667 2560 3741; x_wconf 84' lang='lat' dir='ltr'>filius</span> <span class='ocrx_word' id='word_1_238' title='bbox 2626 3672 2864 3761; x_wconf 87' lang='lat' dir='ltr'>potest</span> 
     </span>
     <span class='ocr_line' id='line_1_28' title="bbox 514 3781 2862 3882; baseline 0.002 -28"><span class='ocrx_word' id='word_1_239' title='bbox 514 3781 970 3877; x_wconf 82' lang='lat' dir='ltr'>degenerare</span> <span class='ocrx_word' id='word_1_240' title='bbox 1018 3804 1063 3858; x_wconf 99' lang='lat' dir='ltr'>a</span> <span class='ocrx_word' id='word_1_241' title='bbox 1116 3791 1324 3880; x_wconf 88' lang='lat' dir='ltr'>patre</span> <span class='ocrx_word' id='word_1_242' title='bbox 1375 3786 1449 3860; x_wconf 92' lang='lat' dir='ltr'>in</span> <span class='ocrx_word' id='word_1_243' title='bbox 1501 3786 1774 3862; x_wconf 87' lang='lat' dir='ltr'>virtute</span> <span class='ocrx_word' id='word_1_244' title='bbox 1825 3795 1902 3861; x_wconf 88' lang='lat' dir='ltr'>et</span> <span class='ocrx_word' id='word_1_245' title='bbox 1952 3788 2306 3882; x_wconf 87' lang='lat' dir='ltr'>moribus,</span> <span class='ocrx_word' id='word_1_246' title='bbox 2358 3787 2588 3862; x_wconf 91' lang='lat' dir='ltr'>immo</span> <span class='ocrx_word' id='word_1_247' title='bbox 2639 3785 2862 3860; x_wconf 91' lang='lat' dir='ltr'>etiam</span> 
     </span>
     <span class='ocr_line' id='line_1_29' title="bbox 513 3901 2863 4003; baseline 0.002 -28"><span class='ocrx_word' id='word_1_248' title='bbox 513 3919 707 3994; x_wconf 85' lang='lat' dir='ltr'>saepe</span> <span class='ocrx_word' id='word_1_249' title='bbox 758 3901 1157 3999; x_wconf 83' lang='lat' dir='ltr'>degenerat</span> <span class='ocrx_word' id='word_1_250' title='bbox 1207 3903 1279 3978; x_wconf 89' lang='lat' dir='ltr'>in</span> <span class='ocrx_word' id='word_1_251' title='bbox 1333 3907 1839 4001; x_wconf 87' lang='lat' dir='ltr'>complexione</span> <span class='ocrx_word' id='word_1_252' title='bbox 1888 3908 2275 4003; x_wconf 91' lang='lat' dir='ltr'>corporali,</span> <span class='ocrx_word' id='word_1_253' title='bbox 2327 3907 2498 4002; x_wconf 89' lang='lat' dir='ltr'>quia</span> <span class='ocrx_word' id='word_1_254' title='bbox 2545 3926 2692 3981; x_wconf 90' lang='lat' dir='ltr'>non</span> <span class='ocrx_word' id='word_1_255' title='bbox 2742 3925 2863 3980; x_wconf 91' lang='lat' dir='ltr'>so-</span> 
     </span>
     <span class='ocr_line' id='line_1_30' title="bbox 514 4020 2864 4123; baseline 0.004 -30"><span class='ocrx_word' id='word_1_256' title='bbox 514 4020 669 4096; x_wconf 91' lang='lat' dir='ltr'>lum</span> <span class='ocrx_word' id='word_1_257' title='bbox 722 4027 934 4116; x_wconf 89' lang='lat' dir='ltr'>pater</span> <span class='ocrx_word' id='word_1_258' title='bbox 983 4031 1294 4120; x_wconf 87' lang='lat' dir='ltr'>generat</span> <span class='ocrx_word' id='word_1_259' title='bbox 1369 4027 1626 4123; x_wconf 85' lang='lat' dir='ltr'>filium,</span> <span class='ocrx_word' id='word_1_260' title='bbox 1696 4028 1827 4104; x_wconf 91' lang='lat' dir='ltr'>sed</span> <span class='ocrx_word' id='word_1_261' title='bbox 1902 4028 2136 4104; x_wconf 89' lang='lat' dir='ltr'>virtus</span> <span class='ocrx_word' id='word_1_262' title='bbox 2167 4021 2242 4122; x_wconf 82' lang='lat'>(¹)</span> <span class='ocrx_word' id='word_1_263' title='bbox 2294 4029 2464 4104; x_wconf 90' lang='lat' dir='ltr'>solis</span> <span class='ocrx_word' id='word_1_264' title='bbox 2514 4035 2589 4104; x_wconf 99' lang='lat' dir='ltr'>et</span> <span class='ocrx_word' id='word_1_265' title='bbox 2639 4027 2864 4104; x_wconf 88' lang='lat' dir='ltr'>totius</span> 
     </span>
     <span class='ocr_line' id='line_1_31' title="bbox 513 4143 2858 4246; baseline 0.003 -29"><span class='ocrx_word' id='word_1_266' title='bbox 513 4143 695 4217; x_wconf 88' lang='lat' dir='ltr'>coeli.</span> <span class='ocrx_word' id='word_1_267' title='bbox 735 4143 917 4218; x_wconf 92' lang='lat' dir='ltr'>Dicit</span> <span class='ocrx_word' id='word_1_268' title='bbox 957 4165 1138 4242; x_wconf 89' lang='lat' dir='ltr'>ergo</span> <span class='ocrx_word' id='word_1_269' title='bbox 1189 4145 1265 4220; x_wconf 90' lang='lat' dir='ltr'>in</span> <span class='ocrx_word' id='word_1_270' title='bbox 1317 4146 1566 4223; x_wconf 87' lang='lat' dir='ltr'>litera:</span> <span class='ocrx_word' id='word_1_271' title='bbox 1619 4153 1899 4224; x_wconf 71' lang='lat' dir='ltr'>Nalm-a</span> <span class='ocrx_word' id='word_1_272' title='bbox 1930 4157 2302 4244; x_wconf 74' lang='lat' dir='ltr'>ymerata,</span> <span class='ocrx_word' id='word_1_273' title='bbox 2340 4171 2563 4246; x_wconf 88' lang='lat' dir='ltr'>quam</span> <span class='ocrx_word' id='word_1_274' title='bbox 2607 4149 2858 4244; x_wconf 84' lang='lat' dir='ltr'>appel—</span> 
     </span>
     <span class='ocr_line' id='line_1_32' title="bbox 518 4261 2859 4367; baseline 0.004 -35"><span class='ocrx_word' id='word_1_275' title='bbox 518 4261 615 4335; x_wconf 87' lang='lat' dir='ltr'>lat</span> <span class='ocrx_word' id='word_1_276' title='bbox 662 4272 1091 4357; x_wconf 87' lang='lat' dir='ltr'>generatam</span> <span class='ocrx_word' id='word_1_277' title='bbox 1128 4266 1222 4341; x_wconf 92' lang='lat' dir='ltr'>ad</span> <span class='ocrx_word' id='word_1_278' title='bbox 1255 4266 1741 4345; x_wconf 84' lang='lat' dir='ltr'>differentiam</span> <span class='ocrx_word' id='word_1_279' title='bbox 1783 4276 2069 4346; x_wconf 86' lang='lat' dir='ltr'>naturae</span> <span class='ocrx_word' id='word_1_280' title='bbox 2129 4271 2463 4367; x_wconf 88' lang='lat' dir='ltr'>coelestis,</span> <span class='ocrx_word' id='word_1_281' title='bbox 2503 4290 2673 4365; x_wconf 84' lang='lat' dir='ltr'>quae</span> <span class='ocrx_word' id='word_1_282' title='bbox 2722 4267 2859 4342; x_wconf 83' lang='lat' dir='ltr'>fuit</span> 
     </span>
     <span class='ocr_line' id='line_1_33' title="bbox 514 4381 2857 4488; baseline 0.005 -35"><span class='ocrx_word' id='word_1_283' title='bbox 514 4387 763 4456; x_wconf 81' lang='lat' dir='ltr'>creata</span> <span class='ocrx_word' id='word_1_284' title='bbox 812 4382 906 4457; x_wconf 91' lang='lat' dir='ltr'>de</span> <span class='ocrx_word' id='word_1_285' title='bbox 959 4384 1176 4460; x_wconf 91' lang='lat' dir='ltr'>nihilo</span> <span class='ocrx_word' id='word_1_286' title='bbox 1228 4387 1651 4464; x_wconf 89' lang='lat' dir='ltr'>immediate</span> <span class='ocrx_word' id='word_1_287' title='bbox 1699 4411 1745 4463; x_wconf 90' lang='lat' dir='ltr'>a</span> <span class='ocrx_word' id='word_1_288' title='bbox 1795 4381 2077 4486; x_wconf 75' lang='lat' dir='ltr'>Deo(³)‚</span> <span class='ocrx_word' id='word_1_289' title='bbox 2119 4397 2198 4466; x_wconf 95' lang='lat' dir='ltr'>ut</span> <span class='ocrx_word' id='word_1_290' title='bbox 2239 4392 2398 4488; x_wconf 86' lang='lat' dir='ltr'>jam</span> <span class='ocrx_word' id='word_1_291' title='bbox 2450 4391 2683 4487; x_wconf 85' lang='lat' dir='ltr'>patuit</span> <span class='ocrx_word' id='word_1_292' title='bbox 2731 4409 2857 4464; x_wconf 86' lang='lat' dir='ltr'>ca-</span> 
     </span>
    </p>
   </div>
   <div class='ocr_carea' id='block_1_5' title="bbox 636 4626 2711 4700">
    <p class='ocr_par' dir='ltr' id='par_1_5' title="bbox 636 4626 2711 4700">
     <span class='ocr_line' id='line_1_34' title="bbox 636 4626 2711 4700; baseline 0.003 -22"><span class='ocrx_word' id='word_1_293' title='bbox 636 4626 689 4688; x_wconf 82' lang='grc'>(·)</span> <span class='ocrx_word' id='word_1_294' title='bbox 722 4631 768 4687; x_wconf 66' lang='lat' dir='ltr'>k,</span> <span class='ocrx_word' id='word_1_295' title='bbox 803 4628 1045 4690; x_wconf 80' lang='lat' dir='ltr'>potentis.</span> <span class='ocrx_word' id='word_1_296' title='bbox 1296 4630 1352 4694; x_wconf 81' lang='lat'>(¹)</span> <span class='ocrx_word' id='word_1_297' title='bbox 1388 4637 1434 4694; x_wconf 75' lang='grc' dir='ltr'>ι,</span> <span class='ocrx_word' id='word_1_298' title='bbox 1468 4633 1678 4685; x_wconf 80' lang='lat' dir='ltr'>virtute.</span> <span class='ocrx_word' id='word_1_299' title='bbox 1928 4634 1983 4698; x_wconf 83' lang='lat'>(⁸)</span> <span class='ocrx_word' id='word_1_300' title='bbox 2016 4637 2080 4687; x_wconf 84' lang='grc' dir='ltr'>Ε.</span> <span class='ocrx_word' id='word_1_301' title='bbox 2115 4637 2180 4687; x_wconf 74' lang='lat' dir='ltr'>ab</span> <span class='ocrx_word' id='word_1_302' title='bbox 2210 4636 2552 4700; x_wconf 70' lang='lat' dir='ltr'>omnipotenti</span> <span class='ocrx_word' id='word_1_303' title='bbox 2582 4634 2711 4686; x_wconf 81' lang='lat' dir='ltr'>Deo.</span> 
     </span>
    </p>
   </div>
  </div>
 </body>
</html>
