3734 5567
887 467 977 535 18
1604 480 2014 535 couENTuM
2063 480 2502 535 Pur-cumin

874 626 1003 702 sed
1055 624 1276 701 etiam
1330 624 1401 698 in
1453 624 1816 716 omnibus,
1872 630 1955 696 ut
2020 644 2165 698 non
2231 624 2600 699 immerito
2664 627 2756 702 sit
2816 628 3221 723 appellatus

870 746 1083 823 simia
1136 745 1435 842 Virgilii.
1490 746 1578 819 Et
1626 744 1994 819 concludit
2027 743 2298 818 Statius
2332 744 2899 820 immensitatem
2942 748 3220 823 amoris

870 888 1098 963 quem
1151 866 1405 941 babuit
1465 885 1758 959 semper
1821 863 1915 938 ad
1965 862 2375 960 Virgilium,
2424 863 2709 940 dicens:
2764 888 2802 938 e
2850 871 3215 941 assentiret·

868 1009 966 1063 un
1013 990 1184 1078 sole,
1234 987 1441 1080 idest,
1496 1005 1728 1059 unum
1763 1004 2044 1059 annum
2099 985 2441 1079 solarem,
2472 979 2601 1076 piic
2635 987 2735 1058 αι’
2760 989 2832 1058 io
2865 1008 3009 1059 non
3044 990 3218 1079 deq-

868 1113 1015 1202 92'0,
1082 1109 1473 1202 plusquam
1523 1106 1833 1180 debeam
1876 1105 2097 1200 justae
2148 1123 2387 1199 poenae
2451 1125 2661 1201 meae,
2713 1109 2792 1179 al
2837 1110 2976 1180 mio
3027 1111 3215 1181 usoir

870 1232 947 1304 di
995 1231 1256 1319 bando,
1312 1226 1518 1321 idest,
1571 1225 1665 1298 de
1714 1223 1932 1298 exilio
1982 1223 2410 1319 purgatorii,
2467 1246 2601 1317 per
2651 1246 2838 1298 esser
2871 1230 3100 1300 vivulo
3137 1230 3219 1302 di

871 1339 973 1441 ld,
1024 1348 1318 1441 scilicet,
1369 1346 1442 1419 in
1496 1344 1772 1418 mundo
1822 1343 2031 1417 istius
2077 1342 2406 1439 viventiS,
2442 1346 2728 1436 quando
2763 1348 2939 1419 visse
2990 1350 3218 1440 Virgi-

871 1471 1011 1563 Εος
1064 1468 1273 1562 quasi
1314 1466 1505 1541 dicat
1546 1465 1856 1540 Statius:
1893 1483 2033 1559 ego
2068 1462 2331 1537 vellem
2369 1464 2463 1538 de
2496 1470 2708 1558 pacto
2745 1473 2943 1540 stare
2973 1467 3214 1542 adbuc

872 1608 1006 1683 per
1055 1606 1336 1661 annum
1387 1584 1462 1659 in
1514 1583 1966 1681 purgatorio,
2021 1589 2097 1656 et
2159 1582 2380 1656 fuisse
2444 1582 2566 1657 illo
2631 1589 2962 1680 tempore
3025 1586 3213 1661 felici

867 1710 1008 1783 sub
1057 1707 1414 1804 Augusto,
1467 1725 1619 1799 quo
1648 1700 1723 1797 (¹)
1774 1703 2039 1778 claruit
2089 1702 2452 1798 Virgilius,

1031 1832 1289 1903 Volser.
1327 1829 1470 1901 Ista
1511 1831 1623 1901 est
1657 1830 1922 1920 quarta
1964 1829 2040 1898 et
2091 1823 2347 1896 ultima
2391 1844 2563 1919 pars
2601 1824 2919 1920 capituli,
2956 1826 3029 1899 in
3067 1849 3219 1921 qua

867 1955 1084 2046 poeta
1160 1946 1474 2022 ostendit
1540 1944 1855 2038 qualiter
1935 1944 2087 2037 ipse
2156 1942 2645 2017 manifestavit
2681 1936 2756 2037 (²)
2837 1946 3217 2043 Virgilium

871 2069 1124 2163 Statio,
1177 2068 1303 2162 qui
1357 2073 1506 2139 tam
1563 2064 1795 2137 multa
1833 2063 2248 2136 contulerat
2291 2081 2462 2136 cum
2501 2061 2798 2159 Virgilio
2827 2055 2902 2157 (³)
2937 2066 3030 2141 de
3063 2067 3220 2161 ipso

872 2188 1173 2285 Virgilio
1225 2208 1370 2261 non
1423 2203 1873 2281 cognoscens
1914 2201 2112 2256 eum.
2150 2181 2240 2254 Et
2273 2181 2512 2276 primo
2552 2183 2863 2257 ostendit
2906 2186 3220 2279 qualiter

874 2307 1218 2404 Virgilius
1268 2303 1698 2400 imposuerit
1723 2290 1798 2395 (⁴)
1853 2301 1986 2375 sibi
2021 2301 2415 2395 silentium,
2450 2301 2577 2376 sed
2612 2302 2764 2397 ipse
2804 2324 2952 2377 non
2984 2305 3220 2400 potuit

873 2427 1255 2503 continere
1304 2444 1385 2499 se
1434 2445 1480 2497 a
1533 2422 1708 2496 risu.
1773 2422 1860 2494 Et
1918 2421 2011 2495 ad
2077 2421 2589 2496 declarandam
2649 2421 2862 2496 istam
2928 2424 3217 2499 literam

875 2548 1142 2623 fortem
1196 2551 1306 2621 est
1355 2543 1595 2640 primo
1663 2541 2094 2635 notandum,
2146 2542 2343 2635 quod
2391 2542 2789 2640 „appetitus
2854 2543 3041 2618 alius
3109 2550 3220 2619 est

871 2667 1376 2759 intellectivuS,
1428 2663 1617 2737 alius
1665 2661 2089 2736 sensitivus:
2136 2668 2209 2734 et
2260 2661 2666 2757 sensitivuS,
2702 2662 2886 2736 alius
2927 2670 3039 2739 est
3072 2663 3214 2743 ira-

874 2786 1161 2880 scibiliS,
1202 2785 1389 2860 alius
1422 2780 2036 2876 concupiscibilis:
2075 2785 2148 2855 et
2182 2780 2284 2853 sic
2317 2781 2698 2877 gaudium,
2737 2783 2934 2876 quod
2974 2788 3223 2857 osten-

872 2908 1071 2982 ditur
1097 2898 1171 2999 (5)
1227 2925 1359 3001 per
1410 2904 1642 2977 risum
1708 2900 2032 2997 procedit
2091 2901 2187 2974 ab
2250 2900 2572 2994 appetitu
2634 2903 3220 2998 concupiscibili3

874 3033 950 3104 et
1001 3027 1332 3123 planctus
1383 3023 1510 3118 qui
1564 3029 1907 3097 movetur
1959 3040 2090 3116 per
2141 3020 2482 3094 iniuriam
2547 3022 2875 3115 procedit
2924 3025 3019 3097 ab
3069 3024 3221 3098 ira-

873 3146 1138 3221 scibili:
1192 3151 1265 3219 et
1314 3143 1536 3217 ambo
1587 3141 1700 3214 isti
1751 3140 2114 3236 appetitus
2148 3146 2320 3213 sunt
2359 3141 2452 3215 de
2491 3143 2810 3236 potentia
2853 3144 3219 3238 sensitiva,

875 3272 949 3341 et
998 3266 1184 3339 alter
1235 3263 1570 3355 sequitur
1619 3261 1960 3334 alterum.
2019 3260 2104 3332 Et
2153 3259 2513 3353 appetitus
2557 3260 3039 3337 intellectivus
3090 3263 3218 3357 qui

873 3390 986 3459 est
1039 3383 1401 3473 voluntaS,
1435 3385 1510 3455 et
1549 3400 1683 3475 per
1731 3399 1956 3472 quem
1996 3379 2378 3475 regulatur
2405 3380 2767 3474 appetitus
2807 3383 3220 3477 sensitivus,

873 3524 1022 3577 non
1073 3519 1365 3595 semper
1414 3506 1525 3574 est
1575 3506 1832 3593 potens
1883 3518 2103 3591 supra
2139 3498 2592 3591 sensitivum‚
2630 3500 2801 3595 quia
2838 3521 2981 3574 non
3019 3522 3220 3575 sem-

874 3643 1009 3719 per
1058 3620 1420 3695 irascibile
1466 3625 1542 3694 et
1590 3617 2149 3711 concupiscibile
2181 3617 2425 3691 obedit
2468 3618 2756 3713 rationi,
2790 3619 2945 3694 sive
2996 3620 3221 3695 ratio-

877 3741 1025 3817 nali
1075 3739 1453 3833 voluntati,
1492 3758 1660 3833 quae
1700 3745 1810 3812 est
1849 3758 2069 3810 suum
2108 3737 2667 3812 fundamentum
2715 3738 2788 3812 in
2824 3738 3218 3814 intellectu.

874 3862 966 3937 Et
998 3862 1138 3936 hoc
1172 3866 1283 3935 est
1317 3858 1513 3952 quod
1549 3858 1708 3932 vult
1741 3856 1987 3931 dicere
2020 3856 2231 3931 litera
2264 3856 2381 3932 bic
2417 3859 2711 3951 quando
2738 3864 2952 3954 poeta
2977 3867 3224 3934 osten-

876 3982 978 4057 dit
1029 3980 1227 4075 quod
1278 3988 1533 4053 contra
1586 3978 1773 4053 velle
1824 3977 2122 4072 Virgilii,
2174 3977 2358 4052 idest
2417 3977 2737 4073 rationiS,
2791 3981 3223 4055 sensualitas

876 4122 1012 4175 sua
1066 4100 1257 4173 risit:
1311 4106 1385 4174 et
1424 4098 1592 4172 dicit
1627 4097 1824 4192 quod
1861 4096 2151 4170 imitans
2188 4103 2529 4171 naturam
2573 4098 2978 4172 secundum
3017 4119 3225 4173 com-

876 4219 1290 4317 plexionem
1346 4218 1781 4311 naturalem,
1835 4217 2197 4311 appetitus
2250 4216 2638 4290 sensitivus
2682 4217 2926 4291 minus
2977 4219 3223 4293 obedit

1333 4446 1452 4496 ndo.
2408 4443 2466 4506 (²)
2500 4449 2610 4507 11⁷,
2643 4443 3066 4496 manifestaverit.

998 4520 1056 4583 (⁸)
1087 4520 1132 4571 E
1183 4535 1250 4572 cu
1339 4521 1559 4585 Virgilio
1591 4535 1697 4571 non
1728 4533 2044 4584 cognoscens
2074 4532 2214 4570 eum.
2411 4521 2467 4583 (⁴)
2498 4522 2560 4572 E.
2594 4520 2855 4585 imposuit.

1000 4596 1058 4661 (⁸)
1090 4597 1152 4647 E.
1183 4598 1472 4649 ostenditur
1503 4597 1709 4661 quando
1741 4597 1959 4657 ridetur,
1994 4596 2124 4646 idest
2156 4607 2249 4659 per
2281 4595 2465 4648 risum.
