3734 5567
863 480 1003 548 322
1646 486 2054 543 COMENTUM
2104 485 2434 538 PARADffil

865 638 1084 733 longo
1144 635 1503 728 discursu,
1566 631 1879 727 qualiter
1947 629 2264 705 naturali
2335 630 2591 705 ordine
2656 637 2732 706 et
2797 631 3205 707 rationabili

860 777 1087 831 cursu
1140 756 1292 850 ipse
1340 752 1746 829 ascenderit
1797 750 2116 845 coelum3
2155 758 2229 825 et
2272 750 2511 845 primo
2555 750 2759 846 fingit
2809 771 2890 826 se
2940 771 3206 827 conce-
3326 839 3341 852 ο

858 877 1048 971 pisse
1098 896 1454 971 magnum
1491 871 1797 946 dubium
1835 891 1929 946 ex
1965 871 2289 947 novitate
2324 871 2433 947 rei
2470 871 2819 947 mirabilis
2854 878 2929 947 et
2962 872 3206 948 incre-

719 995 728 1004 ‘
857 996 1111 1091 dibilis,
1148 997 1344 1070 unde
1392 995 1623 1067 sactus
1675 999 1785 1066 est
1818 992 2277 1067 avidissimus
2313 991 2583 1067 sciendi
2617 1012 2961 1087 causam3
3008 993 3205 1068 unde

857 1117 1064 1192 dicit:
1092 1123 1196 1190 La
1219 1104 1453 1188 novitd
1478 1116 1594 1188 del
1611 1134 1860 1207 suom,
1894 1114 2099 1208 idest,
2128 1113 2359 1187 dulcis
2390 1112 2791 1188 barmoniae
2818 1135 3201 1208 nunquam

861 1239 1036 1313 alias
1085 1236 1372 1312 auditae.
1426 1235 1515 1307 Et
1564 1234 1683 1308 hic
1733 1240 1907 1309 nota
1959 1234 2158 1329 quod
2217 1234 2354 1309 ista
2420 1234 2633 1309 litera
2697 1255 2843 1309 non
2912 1235 3203 1309 videtur

861 1379 1037 1434 vera
1087 1355 1178 1428 de
1229 1354 1503 1429 virtute
1554 1355 1937 1448 sermonis,
1988 1354 2047 1427 si
2100 1354 2202 1429 sic
2253 1353 2672 1449 simpliciter
2716 1353 3198 1449 intelligatur:

861 1497 1006 1551 non
1041 1474 1236 1549 enim
1273 1474 1564 1550 videtur
1598 1474 2149 1549 concedendum
2188 1474 2384 1568 quod
2437 1473 2719 1548 musica
2753 1474 2845 1547 sit
2878 1474 2952 1547 in
2986 1475 3199 1569 coe10,

857 1597 1029 1689 quia
1088 1596 1511 1669 Aristoteles
1570 1596 1709 1669 hoc
1774 1595 2181 1691 impugnat,
2248 1594 2486 1689 primo
2546 1595 2711 1668 coeli
2773 1601 2847 1669 et
2907 1595 3197 1669 mundi:

855 1715 1019 1791 ideo
1069 1716 1458 1791 dicendum
1510 1723 1621 1791 est
1672 1717 1869 1811 quod
1919 1724 2138 1791 autor
2173 1736 2306 1811 per
2340 1716 2554 1790 istam
2589 1716 3052 1792 harmoniam
3087 1716 3203 1791 in-

855 1836 1106 1932 telligit
1156 1836 1568 1911 mirabilem
1619 1837 2170 1931 proportionem
2222 1836 2409 1931 coeli,
2464 1836 2662 1931 quod
2702 1857 2995 1931 semper
3040 1836 3201 1910 uni-

852 1954 1184 2030 formiter
1235 1962 1602 2051 movetur,
1658 1956 1756 2030 ita
1808 1957 2005 2049 quod
2057 1955 2293 2030 omnis
2344 1977 2514 2051 pars
2567 1956 2956 2051 respondet
2995 1956 3193 2030 omni

854 2076 1063 2171 parti,
1116 2077 1303 2150 sicut
1355 2076 1506 2171 ipse
1556 2085 1770 2176 poeta
1820 2076 2001 2153 dixit
2059 2077 2133 2149 in
2171 2076 2679 2176 Inferna-Sed
2730 2076 2963 2171 posito
2997 2077 3195 2171 quod

851 2197 1119 2270 Dantes
1160 2198 1377 2292 juxta
1438 2216 1700 2270 sonum
1762 2196 1994 2270 literae
2053 2198 2347 2272 realiter
2400 2197 2751 2293 intelligat
2802 2197 2999 2291 quod
3026 2218 3197 2270 mu-

852 2315 999 2390 sica
1040 2316 1129 2388 sit
1170 2316 1244 2388 in
1283 2316 1495 2410 coe10,
1542 2321 1787 2390 tamen
1840 2336 1990 2390 non
2041 2316 2179 2390 erit
2222 2317 2674 2411 irridendus;
2725 2337 2897 2391 nam
2950 2317 3198 2413 magni

854 2441 1154 2511 autores
1204 2444 1377 2512 ante
1426 2435 1913 2531 Aristotelem,
1966 2437 2155 2512 sicut
2204 2438 2655 2534 Pythagoras
2722 2446 2797 2513 et
2845 2439 3074 2531 Plato,
3125 2445 3201 2511 et

851 2568 1014 2652 post
1076 2577 1251 2631 eum
1324 2557 1510 2632 sicut
1577 2559 1878 2652 Tullius,
1929 2558 2248 2652 BoetiuS,
2300 2555 2391 2633 et'
2433 2559 2841 2633 Macrobius
2891 2579 3193 2634 comen-

852 2685 1045 2753 tator
1095 2678 1302 2751 Tullii
1356 2699 1577 2773 super
1629 2679 2000 2753 somnium
2052 2679 2423 2774 Scipionis,
2485 2684 2558 2753 et
2617 2677 3023 2753 Chalcidins
3071 2698 3199 2752 co-

855 2805 1219 2873 mentator
1286 2798 1602 2874 Platonis
1669 2820 1893 2894 super
1973 2800 2331 2873 Timaeum
2402 2799 2777 2874 affirmant
2851 2799 2993 2872 hoc
3063 2817 3197 2893 pro

849 2927 1074 2995 certo.
1126 2920 1333 2994 Unde
1382 2920 1551 2994 dicit
1601 2919 2049 2995 Chalcidius:
2105 2923 2372 2994 Musica
2417 2923 2671 3011 procul
2720 2920 2928 2993 dubio
2978 2939 3198 2992 eoeor-
3256 2981 3261 2986 .

844 3048 974 3114 nac
1034 3043 1346 3113 animam
1409 3041 1921 3114 rationabiliter
1980 3044 2080 3114 ad
2133 3047 2468 3114 naturam
2537 3043 2922 3132 antiquam,
2988 3059 3197 3114 revo-

846 3182 1018 3235 cans
1081 3168 1146 3234 ec
1189 3163 1503 3253 efficiens
1564 3163 1771 3235 talem
1842 3164 2140 3254 demum,
2199 3164 2474 3255 qualem
2544 3162 2635 3234 ab
2701 3163 2896 3234 initio
2958 3161 3197 3253 opifex

847 3288 1034 3356 Deus
1077 3285 1361 3374 fecerat.
1415 3272 1766 3355 Albertus'
1793 3287 2041 3356 tamen
2096 3281 2167 3355 in
2218 3303 2354 3357 suo
2406 3282 2497 3357 de
2545 3282 2731 3356 coelo
2787 3288 2861 3356 et
2922 3278 3198 3353 mundo

847 3400 1143 3476 adducit
1193 3400 1461 3474 multas
1517 3401 1834 3475 rationes
1885 3401 1979 3476 ad
2030 3401 2491 3496 probandum
2546 3401 2742 3495 quod
2784 3421 3007 3476 sonus
3050 3418 3197 3472 non

850 3520 930 3594 fit
977 3519 1053 3592 in
1104 3519 1332 3593 coelo:
1387 3526 1460 3595 et
1511 3520 1585 3593 in
1649 3521 1835 3594 libro
1895 3521 1988 3595 de
2039 3521 2605 3616 proprietatibus
2657 3520 3195 3596 elementorum

852 3640 1021 3715 facit
1087 3640 1782 3716 demonstrationem
1862 3641 2160 3716 maioris
2223 3641 2799 3735 certificationis;
2878 3639 3077 3714 unde
3123 3633 3198 3731 (¹)

851 3760 1066 3835 dicit:
1118 3782 1156 3833 e
1203 3763 1258 3834 il
1300 3764 1579 3851 ,arande
1627 3764 1829 3854 lame,
1873 3761 2072 3855 quod
2124 3781 2323 3835 nunc
2359 3761 2649 3836 videbat
2689 3759 2929 3835 mains
2961 3760 3196 3854 solito,

850 3885 941 3954 m’
966 3902 1287 3954 accesero
1336 3903 1434 3956 un
1484 3884 1697 3975 des-2⁶0,
1739 3881 1943 3975 idest,
1988 3881 2434 3958 desiderium
2486 3881 2561 3955 in
2595 3887 2846 3956 mente
2888 3901 3079 3974 mea,
3124 3882 3203 3954 di

849 4006 962 4075 lor
1011 4005 1328 4095 cayione,
1384 4001 1591 4095 idest,
1644 4000 1914 4076 sciendi
1966 4021 2269 4076 causam
2323 4001 2527 4074 istius
2564 4000 2721 4075 soni
2764 4005 2840 4074 et
2874 3999 3195 4093 luminiS‚

851 4126 1016 4198 mai.
1043 4144 1188 4196 non
1235 4125 1477 4195 sentito
1528 4124 1603 4195 di
1650 4129 1926 4195 colante
1962 4143 2228 4215 acume,
2273 4123 2481 4215 quasi
2516 4122 2731 4216 dicat,
2769 4121 2967 4215 quod
3004 4142 3199 4195 nun-

849 4263 1075 4336 quam
1128 4242 1492 4316 habuerat
1543 4241 1895 4317 intensius
1946 4242 2257 4317 dubium
2308 4242 2385 4315 in
2433 4242 2680 4316 animo
2723 4241 2877 4317 sive
2912 4240 3197 4316 deside-

848 4361 1044 4435 rium
1098 4360 1423 4454 quandiu
1476 4360 1719 4435 fuerat
1769 4382 1943 4435 cum
2016 4361 2336 4458 Virgilio.
2408 4363 2496 4435 Et
2559 4362 2802 4436 subdit
2867 4361 3195 4436 subitum

970 4620 1025 4685 (¹)
1058 4620 1120 4670 E.
1153 4620 1290 4670 unde
1322 4621 1430 4684 ipse
1462 4625 1617 4672 autor
1649 4621 1787 4673 dicit.

3683 933 3721 1156 osb..-
