3734 5567
1351 497 1631 553 CANTUs
1680 498 1970 551 senus.
2691 485 2827 550 451

482 653 698 722 antor
751 646 868 719 hic
918 644 1108 739 facit,
1161 644 1289 719 sed
1338 644 1492 740 ipse
1542 643 1820 739 ubique
1872 643 2093 717 habet
2141 642 2355 715 istam
2415 642 2830 737 opinionem

481 767 828 862 quicquid
879 767 989 843 sit.
1045 766 1251 864 Unde
1290 765 1498 840 dicit:
1542 762 1665 839 che*
1696 768 1768 837 la
1811 766 1972 837 viva
2011 766 2364 855 mustizia,
2400 764 2687 857 scilicet,
2724 763 2836 837 di-

483 888 675 978 vina,
727 890 846 960 che
895 891 992 960 mi
1038 889 1265 981 spira,
1324 886 1529 978 idest,
1584 885 1887 980 inspirat
1938 884 2116 956 mihi
2174 886 2363 959 hanc
2423 885 2837 978 veritatem,

483 1010 584 1099 912·
616 1011 1022 1099 concedette,
1054 1010 1131 1080 in
1164 1027 1406 1097 mano,
1433 1006 1616 1081 idest
1651 1005 1723 1078 in
1751 1009 2133 1099 potestate,
2172 1025 2221 1075 a
2255 1007 2412 1094 quel
2441 1006 2622 1076 ch’io
2654 1006 2839 1096 dico,

486 1129 757 1203 scilicet
806 1128 1116 1221 Tiberio,
1168 1130 1406 1219 yloria
1456 1129 1530 1199 di
1572 1129 1700 1219 far
1749 1127 2066 1199 vendetta
2107 1127 2255 1197 alla
2293 1145 2427 1196 sua
2465 1128 2582 1198 ira
2596 1152 2627 1220 ,·
2665 1125 2833 1219 quia

485 1249 727 1324 divina
779 1247 1060 1344 justitia
1120 1247 1548 1341 requirebat
1612 1253 1695 1320 ut
1756 1245 2072 1319 vindicta
2115 1244 2352 1326 ⁴fieret
2413 1245 2506 1320 de
2570 1245 2837 1319 iniuria

488 1368 701 1464 primi
752 1368 1095 1464 parentis,
1133 1387 1267 1461 pro
1310 1388 1460 1460 qua
1511 1366 1707 1441 Deus
1758 1371 1922 1440 erat
1962 1365 2193 1439 iratus
2241 1365 2430 1440 sicut
2478 1366 2835 1460 probatur

485 1489 805 1584 capitulo
843 1487 1200 1582 sequenti.
1233 1487 1321 1560 Et
1346 1487 1694 1562 admonet
1725 1492 2070 1559 autorem
2106 1485 2302 1579 quod
2336 1486 2529 1560 bene
2563 1486 2831 1560 adver-

485 1616 591 1684 tat
640 1610 732 1684 ad
785 1630 1021 1683 unum
1066 1607 1265 1703 quod
1315 1607 1562 1682 dicere
1606 1606 1931 1700 intendit,
1967 1606 2238 1680 scilicet
2280 1606 2476 1701 quod
2513 1606 2827 1682 vindicta

488 1730 676 1804 facta
712 1737 819 1804 est
852 1730 946 1804 de
980 1729 1335 1822 vindicta3
1388 1726 1586 1823 quod
1638 1727 1913 1801 dictum
1954 1727 2244 1801 videtur
2284 1727 2616 1810 mirabile
2658 1728 2831 1822 quia

488 1849 779 1924 videtur
855 1849 1230 1945 implicare
1306 1846 1979 1923 contradictionem.
2034 1847 2220 1922 Dicit
2271 1868 2499 1943 ergo:
2566 1870 2655 1920 or
2723 1851 2841 1940 qui

489 1974 534 2043 t’
555 1972 862 2043 ammira
893 1973 970 2042 in
1002 1963 1109 2043 eid
1158 1972 1259 2042 ch’
1284 1971 1355 2041 io
1406 1971 1457 2042 ti
1486 1971 1776 2061 replico,
1819 1968 2015 2062 quia,
2052 1968 2343 2062 scilicet,
2381 1969 2825 2043 vocabulum

488 2090 717 2165 semel
752 2089 1069 2184 positum
1107 2088 1369 2184 repetit
1403 2088 1530 2162 bis,
1570 2088 1656 2161 Et
1689 2086 1932 2161 subdit
1970 2086 2568 2183 gloriosissimam
2606 2088 2839 2162 victo-

489 2211 675 2284 riam
720 2231 943 2305 quam
984 2210 1116 2284 ista
1151 2210 1397 2305 aquila
1433 2208 1692 2284 victrix
1746 2215 1820 2283 et
1871 2207 2391 2302 triumphatrix
2443 2208 2700 2282 habuit
2745 2210 2837 2284 de

484 2331 778 2427 judaeis3
836 2330 1032 2404 unde
1079 2330 1288 2404 dicit:
1332 2332 1581 2421 poscia
1632 2349 1856 2420 corso,
1894 2328 2069 2402 illud
2120 2329 2440 2424 signum,
2489 2350 2622 2401 con
2666 2323 2838 2421 Tito,

491 2451 617 2544 qui
667 2449 803 2522 fuit
843 2448 1275 2523 undecimus
1316 2450 1719 2542 imperator
1759 2447 2178 2543 Vespasiani
2218 2447 2409 2521 filius
2451 2448 2651 2522 omni
2691 2448 2841 2521 vir-

494 2574 649 2642 tute
700 2567 1092 2662 refulgenS,
1130 2567 1258 2660 qui
1299 2567 1689 2662 imperavit
1737 2586 1914 2641 cum
1950 2573 2160 2662 patre
2200 2574 2276 2641 et
2307 2573 2468 2661 post
2518 2574 2832 2661 patrem,

493 2688 619 2783 qui
669 2688 931 2761 dicitur
996 2686 1249 2762 fecisse
1309 2686 1703 2761 vindictam
1767 2687 1860 2763 de
1919 2694 2161 2762 morte
2221 2687 2482 2761 Christi
2544 2687 2839 2782 quando

490 2808 752 2882 evertit
802 2809 1210 2882 Jerusalem
1282 2828 1453 2881 cum
1519 2814 1720 2882 tanto
1789 2808 2072 2883 excidio
2128 2808 2575 2904 judaeorum.
2640 2808 2840 2883 Istud

486 2935 738 3003 autem
791 2928 1009 3003 debet
1060 2928 1359 3024 intelligi
1401 2948 1600 3021 sane,
1645 2929 1918 3004 scilicet
1970 2929 2166 3023 quod
2208 2930 2410 3025 justo
2454 2930 2730 3026 judicio
2758 2925 2830 3023 (¹)

489 3047 620 3121 Dei
688 3048 888 3121 Titus
958 3047 1126 3122 fecit
1194 3047 1587 3123 vindictam
1650 3047 1744 3122 de
1819 3049 2134 3143 peccatis
2188 3049 2636 3145 judaeorum,
2691 3071 2836 3123 non

493 3174 740 3241 tamen
809 3189 898 3242 ea
964 3168 1388 3262 intentione,
1452 3188 1622 3242 cum
1694 3169 1919 3243 fuerit
1986 3189 2338 3265 paganus,
2401 3168 2590 3243 sicut
2650 3170 2844 3245 bene

493 3288 901 3383 expositum
971 3295 1081 3362 est
1146 3289 1219 3361 in
1297 3289 1786 3384 Purgatori03
1841 3290 2039 3363 unde
2098 3289 2312 3363 dicit:
2375 3312 2424 3362 a
2480 3296 2607 3385 sar
2675 3313 2843 3364 ven-

491 3410 676 3481 deua
710 3411 894 3481 della
938 3410 1255 3481 vendetca
1287 3411 1403 3481 del
1438 3416 1729 3501 peccato
1778 3413 2039 3501 antico,
2100 3410 2314 3504 primi
2368 3411 2706 3506 parentis.
2736 3450 2836 3466 —

492 3532 558 3600 E
585 3530 889 3618 quando.
918 3528 1046 3602 Hic
1083 3529 1343 3602 ultimo
1379 3529 1830 3603 Justinianus
1865 3529 1940 3603 in
1978 3531 2401 3605 narratione
2435 3553 2570 3605 sua
2606 3533 2838 3628 tangit

490 3647 687 3721 aliud
736 3655 1026 3744 gestum
1081 3649 1361 3745 insigne
1413 3650 1618 3723 istius
1667 3649 1853 3746 signi
1902 3649 2266 3725 victoriosi
2317 3650 2393 3724 in
2435 3672 2663 3725 manu
2701 3652 2841 3726 Ca-

492 3767 628 3840 roli
679 3769 952 3865 magni,
989 3777 1064 3845 et
1104 3777 1350 3844 servat
1400 3771 1762 3865 optimum
1816 3771 2174 3864 ordinem,
2220 3771 2389 3865 quia
2444 3772 2634 3844 sicut
2686 3773 2840 3867 ipse

488 3887 940 3962 Iustinianus
990 3889 1325 3965 liberavit
1374 3890 1654 3966 ltaliam
1706 3890 1800 3964 de
1862 3890 2202 3964 manibus
2260 3892 2658 3987 gothorum
2713 3893 2841 3987 qui

487 4006 609 4080 diu
664 4014 1178 4103 oppresserant
1230 4031 1420 4104 eam,
1472 4009 1572 4085 ita
1642 4011 1950 4085 Carolus
2013 4010 2348 4084 liberavit
2405 4010 2683 4085 ltaliam
2751 4012 2844 4087 de

492 4127 827 4201 manibus
877 4129 1503 4224 longobardorum
1567 4130 1694 4224 qui
1755 4128 2028 4204 diutius
2080 4139 2594 4224 oppresserant
2647 4154 2837 4207 eam.

491 4243 598 4316 Ad
664 4244 1199 4342 intelligendam
1235 4241 1308 4341 (²)
1380 4250 1603 4347 igitur
1666 4249 1957 4324 literam
2012 4257 2123 4325 est
2186 4252 2590 4347 sciendum,
2643 4254 2842 4348 quod

489 4363 678 4437 sicut
726 4365 973 4439 scribit
1021 4369 1427 4464 Eginardus
1479 4371 1798 4444 nutritus
1859 4391 1905 4445 a
1974 4371 2260 4468 Carolo,
2326 4373 2477 4468 qui,
2544 4380 2629 4447 ut
2693 4374 2844 4470 ipse

611 4549 666 4610 (¹)
698 4549 760 4600 Ε.
794 4550 990 4613 judicio
1022 4553 1224 4604 deitatis
1256 4554 1380 4605 fecit
1410 4556 1689 4608 vindictam
1725 4555 1790 4607 de
1821 4564 2055 4620 peccato.

611 4622 670 4690 (¹)
700 4626 762 4679 E.
797 4627 883 4677 Ad
914 4627 1305 4694 intelligentiam
1336 4633 1498 4697 igitur
1528 4633 1696 4686 litero
1726 4639 1807 4686 est
1837 4635 2122 4688 sciendum.
