3734 5567
1203 504 1478 559 CANTUS
1531 505 1914 559 vlesssmus
1965 506 2289 559 TER'rms.
2796 495 2885 559 59

536 652 720 727 Dicit
768 671 983 747 ergo:
1026 657 1117 724 Ec
1157 653 1227 723 io
1273 672 1321 723 a
1362 653 1496 723 lui.-
1531 653 1808 747 supple,
1845 651 2017 744 dixi,
2058 672 2104 723 o
2143 657 2426 743 Forese,
2475 653 2700 744 cinqu’
2716 654 2889 725 anm·

535 795 681 846 non
728 794 859 845 son
910 775 1076 845 volti
1122 773 1340 863 infino
1375 791 1423 843 a
1462 775 1582 864 qui
1628 775 1725 845 da
1776 774 1934 863 quel
1979 764 2077 861 ἀὲ,
2114 771 2405 866 scilicet,
2457 772 2736 867 mortis,
2773 776 2890 846 nel

536 897 710 988 qual
753 896 1038 967 mutasti
1086 895 1345 966 mondo
1396 914 1443 965 a
1494 895 1775 983 miqlior
1824 895 1968 966 vita
1978 918 2011 986 ;
2045 891 2253 998 quasi
2296 893 2522 967 dicat:
2561 899 2639 966 tu
2683 915 2889 968 mor-

536 1020 712 1087 tuus
762 1034 842 1087 es
882 1013 1041 1108 jam
1077 1012 1283 1106 quasi
1322 1011 1651 1106 quinque
1682 1011 1893 1086 aunis
1927 1011 2210 1107 elapsiS‚
2237 1012 2510 1086 scilicet
2540 1011 2615 1084 in
2655 1012 2888 1087 mille-

540 1132 727 1207 simo
753 1131 1256 1207 ducentesimo
1284 1130 1760 1228 nonagesimo
1786 1138 1997 1205 sexto
2024 1156 2043 1225 3
2073 1133 2211 1207 hoc
2236 1132 2766 1228 praesupposito
2784 1124 2884 1226 (⁴),

536 1271 732 1326 come
796 1255 890 1325 se’
936 1259 1007 1325 tu
1067 1258 1315 1324 venato
1378 1272 1603 1324 ancor
1673 1254 1751 1324 di
1811 1269 1980 1343 qua,
2045 1251 2136 1325 ad
2203 1271 2472 1326 verum
2501 1332 2506 1336 ⁴
2536 1257 2889 1349 purgato-

538 1373 759 1466 rium,
811 1394 885 1445 se
950 1375 1022 1445 la
1071 1391 1294 1465 possa
1343 1373 1458 1444 del
1496 1392 1753 1464 peccar
1798 1366 1921 1463 pit}
1964 1375 2047 1465 fit
2089 1373 2318 1462 finita,
2379 1370 2453 1444 in
2504 1372 2878 1466 voluptate

538 1493 759 1590 gulae,
811 1491 933 1566 cui
982 1512 1275 1587 semper
1328 1491 1611 1566 servisti
1664 1510 1904 1585 usque
1952 1490 2046 1565 ad
2095 1496 2438 1583 mortem,
2475 1494 2714 1583 prima
2765 1493 2886 1564 che

540 1616 930 1686 sorvenisse
980 1616 1026 1686 l’
1051 1633 1188 1685 ora
1239 1615 1355 1685 del
1400 1612 1581 1684 buon
1631 1613 1868 1701 dolor,
1896 1610 2189 1703 scilicet,
2229 1610 2691 1705 poenitentiae,
2721 1614 2887 1684 oh'a

542 1736 681 1808 Dio
731 1754 817 1805 ne
865 1735 1225 1822 rimor-ita,
1278 1731 1482 1825 idest,
1539 1730 1992 1824 reconciliat;
2045 1735 2119 1803 et
2170 1735 2279 1803 est
2328 1730 2667 1825 proprius
2719 1751 2884 1803 mo-

539 1853 678 1928 dus
730 1852 1095 1946 loquendi.
1151 1851 1413 1925 Anima
1476 1850 1668 1924 enim
1739 1849 2116 1942 meretrix,
2170 1869 2338 1942 quae
2390 1856 2794 1924 recesserat
2842 1870 2889 1924 a

540 1974 695 2048 Deo
753 1971 1234 2047 adulterando
1299 1991 1472 2046 cum
1535 1969 1784 2044 multis
1848 1969 2108 2064 prociS‚
2171 1969 2726 2065 reconiungitur
2789 1969 2887 2043 illi

543 2091 855 2188 petendo
907 2091 1325 2187 suppliciter
1377 2090 1696 2183 veniam,
1748 2085 1958 2182 quasi
2010 2087 2238 2162 dicat:
2291 2087 2349 2161 si
2409 2095 2707 2183 peccata
2758 2095 2888 2162 tua

535 2212 742 2309 prius
793 2211 1228 2285 dimiserunt
1274 2218 1350 2285 te
1401 2231 1627 2304 quam
1694 2215 1775 2282 tu
1837 2208 1982 2301 illa,
2036 2206 2408 2301 quomodo
2474 2228 2620 2281 non
2672 2227 2752 2283 es
2803 2214 2880 2280 tu
2989 2207 2998 2210 ’

539 2353 713 2407 cum
782 2329 939 2406 aliis
1007 2331 1151 2406 tuis
1210 2330 1655 2423 concivibuS,
1707 2329 2008 2422 casella,
2074 2326 2380 2422 Bilaqua
2441 2334 2515 2402 et
2580 2328 2889 2402 talibus?

539 2449 746 2527 Unde
796 2449 1011 2525 dicit:
1080 2453 1150 2524 io
1200 2453 1251 2523 ti
1297 2452 1550 2522 credea
1601 2455 1849 2521 trovar
1903 2438 1975 2521 ἰὰ
2022 2443 2142 2539 ρὶὰ
2194 2450 2268 2520 di
2315 2453 2519 2538 sotto,
2569 2447 2643 2520 in
2695 2448 2887 2522 anti-

539 2571 969 2667 purgatorio
1021 2577 1396 2645 errantem
1447 2570 1642 2644 circa
1684 2574 2037 2662 montem,
2074 2589 2201 2640 ove
2236 2573 2459 2660 tempo
2488 2590 2621 2660 per
2663 2575 2887 2661 tempo

540 2693 608 2765 si
651 2694 942 2784 ristora,
1005 2691 1179 2785 quia
1230 2695 1431 2764 tanto
1483 2695 1819 2784 tempore
1871 2693 2108 2761 statur
2157 2693 2394 2782 extra,
2449 2694 2727 2781 quanto
2779 2688 2888 2762 di-

538 2812 686 2885 lata
738 2816 848 2885 est
896 2810 1343 2906 poenitentia.
1397 2810 1486 2883 Et
1536 2809 1652 2884 hic
1705 2814 1879 2883 nota
1928 2807 2127 2901 quod
2177 2813 2394 2901 poeta
2429 2813 2676 2881 noster
2717 2807 2887 2881 facit

537 2931 729 3005 hanc
778 2930 1201 3025 petitionem
1259 2936 1339 3002 ut
1390 2928 1636 3004 veniat
1684 2926 1779 3002 ad
1833 2947 2066 3000 unum
2132 2946 2353 2999 suurn
2404 2926 2884 3022 propositum,

542 3058 623 3125 ut
673 3050 917 3125 statim
972 3050 1262 3146 patebit.
1316 3050 1503 3137 Quia
1537 3048 1733 3122 enim
1771 3036 1966 3143 saepe
1998 3047 2276 3121 fecerat
2308 3047 2755 3122 mentionem
2795 3047 2888 3120 de

541 3172 938 3248 florentinis
989 3171 1139 3245 suis
1190 3176 1265 3246 et
1318 3170 1506 3245 vitiis
1567 3188 1858 3262 eorum,
1923 3167 2086 3242 ideo
2148 3187 2345 3242 nunc
2406 3172 2693 3262 captata
2756 3188 2888 3262 op-

540 3293 990 3389 portunitate
1039 3292 1240 3366 acuit
1290 3292 1560 3386 stylum
1615 3311 1834 3363 suum
1890 3294 2145 3362 contra
2198 3288 2546 3362 mulieres
2598 3309 2884 3363 eorum.

544 3452 643 3465 —
668 3417 759 3485 Ει
776 3415 956 3509 poli.
1011 3410 1141 3485 Hic
1192 3417 1406 3505 poeta
1459 3409 1659 3504 ponit
1712 3408 2258 3504 responsionem
2311 3408 2587 3482 Foresii
2634 3409 2727 3483 ad
2777 3429 2883 3502 se,

542 3531 669 3626 qui
709 3531 1031 3606 breviter
1064 3529 1256 3625 dicit,
1294 3528 1489 3623 quod
1524 3527 1947 3603 intercessio
1985 3527 2237 3601 uxoris
2272 3547 2428 3601 suae
2467 3528 2681 3602 citius
2715 3527 2883 3603 fecit

543 3671 719 3725 eum
769 3649 1187 3725 ascendere.
1240 3648 1348 3722 Ad
1400 3648 1596 3743 quod
1649 3647 2026 3722 sciendum
2070 3646 2268 3741 quod
2306 3647 2647 3722 Foresius
2695 3669 2888 3744 prae-

542 3770 734 3845 fatus
784 3754 1041 3844 hahuit
1089 3769 1163 3842 in
1207 3769 1355 3843 vita
1390 3789 1614 3843 unam
1654 3787 1968 3842 uxorem
2005 3787 2247 3860 suam,
2282 3767 2401 3841 cui
2445 3788 2715 3842 nomen
2749 3769 2887 3842 fuit

544 3889 818 3984 miella,
871 3888 1139 3963 mulier
1188 3887 1485 3982 quidem
1524 3887 1764 3963 sobria
1813 3893 1887 3962 et
1934 3886 2219 3983 pudica,
2258 3908 2427 3981 quae
2468 3895 2888 3983 temperan-

545 4016 659 4084 ter
709 4008 888 4082 vixit
927 4028 1100 4083 cum
1137 4007 1274 4082 isto
1306 4008 1592 4104 guloso,
1628 4007 1744 4082 cui
1781 4006 2098 4082 habebat
2132 4027 2426 4104 semper
2467 4029 2886 4104 praeparare

543 4131 850 4206 delicata
901 4128 1192 4224 cibaria,
1229 4130 1303 4202 in
1338 4150 1489 4224 quo
1525 4129 1757 4226 magis
1791 4129 2027 4205 virtus
2061 4130 2221 4205 eius
2260 4130 2537 4204 enituit.
2577 4130 2665 4204 Et
2698 4130 2889 4205 sicut

546 4250 618 4323 in
670 4251 816 4326 vita
870 4271 1281 4344 numquam
1325 4250 1657 4325 cessabat
1691 4270 2047 4325 revocare
2080 4272 2253 4326 eum
2300 4252 2394 4325 ab
2429 4272 2689 4327 errore
2722 4273 2885 4347 sue,

544 4369 643 4444 ita
692 4375 852 4466 post
904 4375 1223 4446 mortem
1275 4389 1687 4463 numquam
1739 4369 2049 4444 cessavit
2099 4390 2317 4446 orare
2350 4392 2484 4466 pro
2525 4392 2659 4466 θος
2710 4392 2879 4446 cum

671 4629 725 4692 (’)
755 4627 808 4680 S.
840 4629 1121 4692 supposito.
