3734 5567
1020 478 1162 542 400
1804 485 2214 541 commu
2261 486 2593 540 PAnAmsn

1151 865 1485 980 CANTUS
1530 906 1930 990 QUINTUS,
1978 910 2051 974 in
2093 928 2214 991 quo
2257 908 2459 973 multa
2502 907 2934 974 declarantur
2978 910 3065 976 de
3107 916 3260 990 voto,

1440 1027 1502 1088 et
1531 1022 1802 1104 ponitur
1844 1039 2143 1085 aseensus
2185 1020 2259 1084 in
2303 1039 2555 1101 speram
2600 1018 2954 1086 Mercurii.

1303 1257 1350 1320 9

1157 1256 1302 1424 S
1352 1373 1435 1423 ιο
1487 1353 1539 1424 ci
1570 1353 2016 1441 fiammeyyto
2056 1352 2174 1422 nel
2217 1351 2422 1422 caldo
2472 1351 2823 1421 d’amore.
2865 1348 3271 1443 Postquam
3298 1345 3360 1440 (‘)

1010 1472 1086 1544 in
1136 1470 1495 1566 superiori
1546 1470 1865 1565 capitulo
1915 1469 2351 1564 praecedenti
2416 1475 2578 1563 post
2639 1468 2792 1541 duo
2855 1468 3093 1543 dubia
3144 1470 3357 1543 soluta

1011 1592 1243 1666 movit
1296 1612 1529 1665 unum
1583 1591 1885 1665 tertium
1937 1589 2244 1664 dubium
2297 1588 2492 1663 circa
2545 1588 2768 1663 finem
2826 1588 2907 1661 iu
2963 1589 3161 1663 facto
3208 1588 3356 1680 voti,

1008 1733 1208 1786 nunc
1256 1717 1794 1805 consequenter
1834 1709 1909 1782 in
1944 1709 2080 1783 isto
2115 1709 2175 1781 V
2215 1709 2535 1803 capitulo
2569 1715 2986 1803 pertractat
3023 1708 3200 1783 illud
3232 1708 3357 1781 du-

1009 1830 1239 1924 bium,
1291 1836 1368 1904 et
1414 1828 1756 1905 describit
1804 1849 2029 1902 suum
2079 1847 2464 1902 ascensum
2517 1827 2611 1901 ad
2650 1848 2958 1922 speram
3010 1826 3351 1901 Mercurii.

1009 1950 1099 2022 Et
1144 1970 1469 2043 praesens
1518 1948 1920 2043 capitulum
1975 1954 2211 2041 potest
2266 1947 2592 2022 breviter
2641 1947 2867 2021 dividi
2922 1948 3001 2019 in
3054 1951 3353 2040 quatuor

1006 2074 1254 2162 partes
1303 2068 1724 2163 generale53
1777 2066 1851 2139 in
1903 2087 2222 2159 quarum
2277 2066 2513 2162 prima
2562 2074 2783 2141 autor
2825 2067 3155 2142 ostendit
3184 2083 3351 2160 qua-

1008 2187 1174 2261 liter
1224 2186 1513 2260 Beatrix
1567 2186 1781 2260 solvit
1829 2186 2136 2260 dubium
2190 2186 2264 2259 in
2314 2187 2664 2282 generali.
2717 2188 2800 2260 In
2868 2187 3197 2262 secunda
3247 2204 3350 2257 re-

1008 2311 1259 2380 movet
1307 2306 1831 2380 dubitationem
1884 2311 1959 2380 et
2006 2306 2176 2380 facit
2207 2306 2775 2382 declarationem
2814 2308 3024 2383 circa
3064 2303 3344 2380 solutio·

1013 2444 1181 2499 nem
1235 2424 1522 2520 factam,
1559 2425 1693 2499 ibi:
1741 2431 1839 2498 Tu
1872 2429 1966 2498 se*
1991 2428 2200 2498 omai.
2238 2427 2317 2498 In
2352 2426 2568 2501 tertia
2602 2426 2725 2500 dat
2757 2448 3005 2501 unum
3044 2426 3342 2499 salutare

1007 2553 1084 2621 et
1137 2548 1312 2622 utile
1344 2546 1872 2620 documentum
1909 2545 2101 2620 circa
2138 2547 2525 2621 materiam
2561 2547 2732 2641 voti,
2771 2547 2913 2621 ibi:
2954 2552 3121 2620 Non
3140 2563 3345 2637 pren·

1005 2669 1217 2740 dano.
1270 2668 1349 2739 In
1401 2673 1668 2760 quarta
1719 2672 1794 2741 et
1842 2667 2097 2740 ultima
2154 2666 2374 2741 intrat
2423 2688 2689 2741 novam
2736 2669 3134 2743 materiam
3170 2665 3338 2739 Mer-

1004 2786 1212 2881 curii,
1266 2786 1398 2859 ibi:
1460 2779 1613 2859 Cos}
1661 2788 1997 2859 Beatrice.
2050 2785 2155 2860 Ad
2212 2786 2534 2878 primum
2588 2787 2893 2862 veniens
2945 2787 3112 2862 dico
3162 2781 3336 2878 quod

1001 2912 1223 2980 autor
1289 2911 1686 3000 pertractat
1744 2905 1937 2980 istud
1996 2905 2304 2979 dubium
2372 2906 2444 2979 in
2502 2908 2855 3003 generali,
2921 2907 3054 2983 sed
3119 2904 3337 3000 primo

1002 3026 1234 3123 tangit
1283 3026 1553 3099 bonam
1606 3024 2144 3120 dispositionem
2199 3025 2546 3101 Beatricis
2596 3033 2671 3101 et
2719 3028 2873 3121 sui;
2928 3027 3128 3101 unde
3174 3041 3334 3097 con-

1003 3145 1295 3218 tinuans
1344 3143 1533 3218 dicta
1582 3144 1903 3218 dicendis
1952 3144 2344 3219 introducit
2402 3146 2632 3241 ipsam
2692 3146 3136 3238 Beatricem‚
3184 3157 3334 3234 quae

1001 3264 1232 3359 tangit
1280 3282 1580 3337 causam
1616 3282 1853 3357 quare
1886 3265 2328 3358 oppresserit
2361 3286 2536 3340 eum
2583 3266 2967 3342 nimietate
3018 3259 3332 3361 splendo-

999 3383 1125 3476 τῖε,
1176 3388 1250 3457 et
1300 3382 1544 3476 incipit
1591 3382 1734 3457 sic:
1787 3386 1859 3456 S’
1885 3386 1957 3456 io
1997 3388 2049 3457 tt·
2088 3387 2562 3477 fiammeqin,
2597 3386 2802 3481 idest,
2855 3388 3232 3461 inflammo
3268 3385 3329 3449 te

999 3500 1218 3576 radiis
1268 3500 1637 3595 sapientiae
1699 3522 1911 3595 meae,
1961 3507 2081 3577 nel
2134 3508 2340 3579 caldo
2398 3509 2467 3580 d’
2485 3526 2756 3599 amore,
2819 3506 3030 3600 idest,
3090 3515 3327 3577 amore

997 3620 1305 3715 ardenti,
1333 3619 1599 3715 divino,
1626 3623 1703 3694 di
1735 3612 1807 3694 ld
1840 3624 1970 3695 dal
1997 3627 2206 3697 modo
2239 3628 2359 3698 clze
2375 3628 2446 3698 ’n
2484 3633 2683 3699 terra
2714 3628 2779 3699 si
2810 3629 2980 3699 vede
3006 3615 3108 3717 (²),
3135 3613 3324 3715 quasi

996 3738 1225 3813 dicat:
1288 3741 1481 3815 ultra
1535 3762 1823 3816 morem
1880 3743 2316 3838 humanum,
2365 3745 2539 3838 quia
2589 3745 2753 3819 talis
2804 3744 3149 3839 splendor
3196 3754 3322 3811 non

995 3860 1367 3936 invenitur
1417 3861 1491 3936 in
1543 3862 1779 3957 terris,
1828 3855 1891 3935 si
1938 3866 2059 3939 che
2106 3867 2292 3955 ‹leqli
2340 3868 2532 3939 ecclei
2577 3868 2721 3939 tuot·
2759 3868 2960 3938 vinco
2992 3868 3046 3937 'l
3073 3861 3320 3941 valore,

993 3979 1199 4076 idest,
1257 3981 1602 4057 virtutem
1655 3989 1732 4056 et
1780 3983 2177 4077 potentiam
2236 3984 2562 4079 visivam,
2600 3984 2788 4059 sicut
2822 3984 3057 4079 patuit
3091 3981 3160 4054 in
3192 3976 3320 4050 fine

993 4100 1288 4195 capituli
1342 4101 1836 4195 praecedentis,
1871 4123 2015 4174 non
2055 4106 2108 4175 ti
2145 4107 2642 4195 maraviyliar,
2676 4103 2886 4198 quasi
2940 4104 3150 4193 dicat,
3190 4111 3318 4168 110ss

994 4216 1217 4292 debes
1269 4219 1547 4315 mirari,
1600 4221 1718 4296 vel
1776 4219 2116 4297 dubitare
2165 4222 2258 4296 de
2308 4223 2487 4318 hoc3
2549 4221 2676 4297 che*
2724 4216 2833 4297 οἱὸ
2871 4220 3173 4316 procede
3231 4213 3317 4285 da

983 4342 1284 4432 perfecto
1334 4342 1606 4434 vedere,
1663 4341 2071 4416 intellectus
2118 4342 2480 4438 depurati‚
2531 4347 2652 4417 elce
2712 4364 2905 4417 come
2953 4334 3357 4443 αρρνεηᾶἐ),

1115 4524 1173 4586 (¹)
1207 4526 1268 4575 E.
1304 4525 1584 4590 Postquam
1619 4532 1774 4577 autor
1805 4527 1858 4576 in
1892 4528 2144 4589 superiori
2178 4534 2351 4580 cantu.

1118 4602 1172 4664 (¹)
1204 4602 1266 4653 E.
1299 4603 1437 4660 veae,
1471 4603 1603 4654 idest
1633 4603 1775 4655 ultra
1807 4617 2012 4654 morem
2043 4605 2349 4670 humanum,
2382 4609 2529 4673 quasi
2559 4609 2715 4671 dicat,
2748 4610 2884 4674 quia.
